1023 1579
348 112 364 126 δ’.
374 112 473 129 Οοπρνσρωθᾱο
483 112 546 126 Cononis*
807 109 823 124 7¹

119 161 182 183 Porro,
194 161 213 179 in
227 167 278 183 casu,
289 161 340 179 nulla
354 161 426 184 spocios
439 161 571 184 negotiationis
585 162 618 179 aut
632 162 745 178 mercaturae
758 161 824 178 adesse

76 192 160 210 cernitur.
173 192 228 210 Nulla.
243 193 348 214 modiatio:
362 197 400 210 nou
412 192 461 210 enim
474 192 559 210 studiosa
571 192 654 209 collectio
666 192 824 213 eleemosynarum

76 223 94 241 flt
102 228 145 241 cum
153 223 255 241 intentione
264 228 296 241 aas
307 223 429 241 distribuendi
443 223 490 241 inter
498 223 605 241 sacerdotes
612 223 645 245 qui
654 223 724 240 minore
732 223 826 245 stipendio

75 254 156 272 contenti
168 254 211 272 sint.
224 254 278 272 Nulla
291 255 404 272 mmmmm:
418 259 455 272 non
467 254 517 272 enim
529 256 611 273 tentatur
622 254 743 272 commutatio
757 254 824 276 stipen-

76 286 147 304 diorum
156 291 190 308 pro
202 286 253 304 libris
265 286 294 304 vel
306 286 347 304 aliis
360 286 451 304 mercibus
459 287 490 303 aut
503 285 693 308 associationibus(ut
700 286 774 308 vocant)
782 291 824 304 cum

75 317 147 338 diarii&
159 317 192 335 sed
204 317 283 335 habetur
294 318 366 335 tantum
379 317 474 335 collectiva
483 317 618 339 stipendiorum
631 317 736 338 missarum,
744 322 791 339 quae
802 317 825 334 de

76 349 113 366 iure
125 348 236 366 vicariorum
249 350 316 369 essent,
328 350 424 371 tamquam
436 348 519 366 breviore
536 353 592 366 manu
604 348 653 366 facta
664 348 760 366 attributio
774 354 826 371 paro-

75 380 114 400 cho,
122 379 161 402 qui,
169 385 203 402 pro
215 380 277 397 minus
285 381 334 398 certa
342 385 421 400 summa,
429 381 497 397 certam
509 384 588 402 eamque
596 379 735 397 convenientem
748 380 767 397 in
779 380 826 398 sala-

76 411 121 428 rium
135 412 250 428 menstruum
266 411 354 433 assignat.
367 411 415 428 Sane
432 411 498 428 modus
514 410 548 428 iste
564 410 631 433 agendi
646 410 665 428 in
681 410 750 428 nullam
767 416 825 433 repre-

75 442 183 460 hensionem
196 442 273 460 incurrit
284 442 302 460 in
315 442 361 461 locis
376 442 407 460 ubi
424 444 530 460 menstruae
545 442 672 464 eleemosynae
686 442 709 460 25
724 447 779 464 pesos
795 443 825 460 vix

74 473 173 496 attingunt.
186 474 235 495 Quid
251 475 313 491 tamen
327 473 347 491 in
362 473 408 491 iocis
422 473 454 491 ubi
466 473 511 491 talia
523 473 561 491 dari
576 475 713 491 consueverunt
728 474 826 496 stipendia,

74 510 121 527 quae
134 505 157 522 25
169 510 224 527 pesos
236 505 341 522 notabiliter
353 505 453 527 superent?
465 505 549 527 Namque
564 504 625 527 priora
639 505 662 522 25
678 510 733 527 pesos
749 510 760 522 a
774 510 825 527 paro-

74 536 113 554 chis
124 536 173 554 solvi
185 536 245 557 solita⁷
257 538 351 559 tamquam
365 536 452 554 salarium
464 536 521 553 fixum
534 536 597 553 debita
608 536 699 554 videntur.
708 536 750 558 Quo
762 536 825 559 itaque

75 567 127 585 titulo
137 567 213 589 parochi
222 573 319 585 excessum
326 567 461 589 stipendiorum
474 567 509 585 sibi
522 567 637 585 retinebunt?
645 567 712 585 Verum
725 572 748 585 ex
760 568 825 586 litteris

74 598 131 621 ipsius
149 598 310 616 Administratoris
322 598 423 621 Apostolici
438 598 529 620 novimus,
540 600 613 621 praeter
628 604 720 616 summam
736 599 826 621 pecuniae

74 630 166 651 stabilem,
178 630 234 647 etiam
249 630 382 647 habitationem
398 631 416 647 et
428 629 495 647 victum
508 635 520 647 a
532 629 617 650 parochis
633 630 721 652 praeberi.
733 630 825 648 Excessus

74 661 136 684 itaque
149 661 284 683 stipendiorum
296 662 391 683 tamquam
404 661 477 678 modica
488 661 614 683 compensatio
626 661 756 679 alimentorum
768 663 827 680 consi-

74 692 133 710 derari
148 694 214 715 potest.
224 692 260 710 Sed
272 692 287 710 si
300 692 327 710 ita
338 697 367 710 res
375 697 396 710 se
407 692 482 713 habent,
490 697 546 710 casus
558 692 680 714 parochorum
689 695 707 710 et
715 693 825 712 vicariorum

74 724 178 746 comparari
192 725 253 746 potest
264 729 306 741 cum
318 723 449 746 probatissimo
461 728 497 741 usu
509 723 642 745 religiosorum.
655 723 684 745 Hi,
696 724 740 746 quia
754 724 772 742 in
787 731 826 747 pro-

74 755 156 773 fessione
170 755 256 777 religiosa
269 760 334 772 omnes
348 754 419 772 tructus
433 754 535 772 industriae
547 754 657 772 abdicarunt
671 755 717 777 (can.
729 756 768 777 580,
780 756 790 779 g
801 757 826 779 Ξ),

74 786 142 804 missas
155 786 249 804 celebrant
260 786 284 804 ad
296 786 417 804 intentionem
430 785 556 808 Superiorum,
563 786 594 808 qui
607 786 670 804 omnia
677 787 770 809 stipendia
781 788 826 806 acci-

75 818 127 840 piunt
139 823 175 840 pro
186 817 326 835 communitate:
339 818 385 835 haec
397 819 459 835 autem
472 817 543 835 decenti
555 817 682 839 religiosorum
695 819 825 837 sustentationi

75 849 181 871 prospicere
193 849 253 867 debet.
261 849 333 871 Vioarii,
344 854 380 866 non
393 854 457 866 omnes
469 849 544 871 quidem
556 849 632 870 fructus,
641 849 673 867 sed
686 849 783 868 missarum
796 851 827 868 sti-

75 880 143 902 pendia
154 880 223 898 cedunt
235 880 326 902 parochis,
334 880 366 902 qui
378 885 442 898 eorum
454 879 585 897 sustentationi
597 880 714 898 abundanter
721 882 826 900 consulunt.

119 911 207 929 Ceterum
216 916 253 929 non
262 911 302 929 leve
313 911 417 929 subsidium
426 911 450 928 ad
457 910 566 928 solvendam
574 911 688 933 propositam
697 913 825 934 quaestionem

75 943 129 960 nubis
145 943 227 960 afferunt
242 942 286 960 bina
301 948 390 964 responsa
409 942 430 960 H.
447 942 465 960 S.
478 942 544 964 Congr.
556 942 575 959 in
591 942 690 964 'ri-evirari„
701 944 827 966 Eleemosynae

76 974 184 995 Missurum,
195 974 214 991 11
228 974 271 991 maii
284 974 333 995 1888,
345 975 363 991 et
375 974 393 991 in
406 974 490 994 Bredani.
501 975 523 991 ei.
536 972 567 994 lit„
578 974 601 991 25
613 973 657 991 febr.
667 974 715 992 1905.

119 1005 141 1022 In
155 1005 221 1027 priore,
233 1005 256 1022 ad
268 1005 285 1026 3,
296 1005 347 1022 licita
361 1004 467 1022 existimata
478 1006 506 1022 est
521 1004 617 1022 conventio
631 1010 674 1027 qua,
686 1005 724 1023 sive
740 1012 827 1029 expresse

75 1036 113 1054 sive
125 1036 188 1058 tacite,
200 1036 247 1054 inter
259 1036 332 1058 aliquos
344 1036 435 1058 parochos
445 1035 560 1058 vicariosque
570 1035 658 1053 statuitur
669 1038 695 1057 ut,
704 1042 737 1058 pro
749 1043 828 1056 commo-

76 1067 126 1085 diore
144 1067 195 1085 victu
209 1067 282 1085 vicariis
297 1067 420 1088 concedendo,
433 1074 442 1083 «
451 1067 538 1089 parochis
552 1067 619 1084 cedant
633 1067 652 1084 in
668 1068 742 1086 cumulo
757 1068 827 1087 fructus

77 1105 85 1114 ε
93 1099 225 1116 fundationum
235 1098 358 1121 pinguim-um,
367 1099 386 1116 et
393 1098 466 1116 vicariis
475 1098 568 1115 tribuatur
575 1097 688 1120 stipendium
697 1099 720 1116 ab
729 1099 828 1119 Ordinario

78 1131 181 1147 «taxatum
190 1136 205 1147 ›1⁴
218 1129 239 1147 In
254 1129 312 1147 altero
324 1134 414 1151 responso
430 1129 531 1147 admissum
548 1130 577 1146 est
588 1129 612 1147 ad
625 1130 640 1151 1,
652 1137 661 1145 ι
670 1131 691 1147 ut
702 1135 735 1152 pro
747 1131 797 1149 victu
809 1134 827 1150 et

78 1168 86 1176 ‹
95 1161 178 1182 servitio,
190 1160 253 1178 vicarii
265 1160 351 1183 parochis
359 1160 378 1178 in
390 1160 464 1178 cumulo
476 1160 543 1178 cedant
551 1160 622 1178 {ructus
634 1161 731 1179 missarum
745 1163 829 1186 pinguio-

78 1199 86 1208 ε
95 1198 142 1213 rum,
149 1194 169 1210 et
177 1192 249 1210 vicariis
256 1192 349 1209 tribuatur
356 1192 468 1214 stipendium
476 1191 590 1209 ordinarium
599 1192 666 1210 missae
675 1192 732 1211 lectae
739 1200 754 1211 ι.
762 1204 771 1207 -
780 1195 808 1212 Ad
816 1196 827 1213 3

78 1229 119 1241 vero
131 1223 246 1241 declaratum
259 1224 287 1241 est
299 1223 452 1241 consuetudinem
467 1223 554 1240 sustineri
566 1228 604 1245 qua
618 1230 627 1239 ι
636 1223 699 1241 vicarii
711 1230 776 1243 omnes
791 1226 828 1245 fere

79 1261 87 1270 ι
95 1255 163 1272 missas
182 1254 206 1272 ad
221 1254 342 1272 intentionem
360 1254 436 1276 parochi
454 1254 546 1272 celebrare
564 1254 637 1276 debent,
654 1255 686 1277 qui
704 1255 731 1273 eis
747 1259 827 1278 praestet

79 1293 88 1301 ι
95 1286 165 1304 victum
175 1287 193 1303 et
204 1285 306 1307 servitium,
318 1286 362 1303 dum
375 1285 409 1308 ipsi
421 1291 443 1303 ex
456 1285 527 1303 aerario
538 1285 626 1303 ecclesiae
635 1286 774 1305 determinatam
784 1289 829 1307 obti»

80 1324 89 1333 «
96 1319 140 1335 nent
152 1317 262 1340 pensionem
272 1324 287 1335 ι.

122 1349 161 1371 Age
174 1353 237 1370 porro:
250 1353 339 1370 responsa
351 1348 375 1366 ad
386 1348 397 1366 3
409 1348 427 1365 in
439 1348 533 1366 ff'reviren.
544 1349 563 1365 et
574 1348 598 1366 ad
611 1349 618 1365 1
632 1348 651 1366 in
664 1348 742 1367 Bredan.
754 1351 828 1370 solvunt

81 1385 142 1397 casum
154 1379 283 1401 difficiliorem,
294 1379 338 1401 quia
350 1379 375 1397 ibi
388 1385 430 1401 pars
441 1379 529 1401 stipendii
541 1379 664 1401 rainelmum
675 1380 749 1399 decreta
760 1384 828 1405 antem,
