1023 1579
189 116 208 130 58
354 117 393 131 am
402 117 499 135 Aponouou
507 117 550 131 sau
559 125 565 128 -
574 117 699 132 cmmmu-
708 117 772 135 offla-'au

190 167 249 184 Probe
261 166 335 189 quidem
348 167 435 184 novimus
446 172 543 185 numerum
555 167 679 188 sacerdotum,
690 167 722 189 qui
734 167 758 184 ab
770 167 863 185 Ecclesiae
870 167 943 185 unitate

189 198 311 220 desciverunt
322 198 346 215 ab
354 203 418 216 eorum
427 203 510 219 numero,
516 198 548 221 qui
557 198 576 216 iu
584 198 643 216 officio
653 200 741 220 perstant.
749 198 856 220 longissime
864 198 942 220 dietam

189 230 208 247 at
220 234 258 247 non
270 229 382 252 ignoramus,
389 234 437 252 quae
449 234 542 252 quamque
550 229 614 252 gravia
621 229 679 247 totius
687 229 731 247 cleri
739 229 823 252 compagi
831 229 942 247 detrimenta

190 266 211 278 ac
228 260 334 278 discrimina
351 260 392 278 istic
410 260 534 283 impendeant.
546 260 677 282 Quamobrem,
691 265 739 283 quae
754 260 773 278 iu
790 262 845 278 coetu
862 266 873 278 a
888 260 942 278 vobis

189 292 252 309 habito
264 291 341 309 consilia
354 292 434 314 cepistis,
446 297 469 309 ea
482 297 599 314 summopere
616 292 714 309 laudamus
730 297 751 309 ac
767 292 873 313 probamus,
885 293 943 314 atque

190 323 235 340 illud
249 323 347 345 praecipue
362 323 412 345 quod
425 324 454 340 est
468 323 490 340 de
505 323 592 341 universa
604 322 746 341 Consocintione
759 323 807 340 Cleri
821 323 943 341 dissolvenda

189 359 244 376 quam
257 354 337 371 Iednoda
345 354 400 376 vulgo
409 355 481 375 vocant,
489 355 508 371 et
520 354 542 371 de
554 353 669 371 dioecesanis
681 358 719 371 non
731 355 774 371 ante
786 354 873 371 ineundis
884 359 942 376 quam

189 385 286 407 potestatis
294 385 404 407 episcopalis
412 384 484 402 iuribus
491 385 557 402 idonee
569 385 594 402 sit
601 386 681 402 cautum.
690 385 819 402 Ecclesiastico.
826 385 876 402 enim
887 385 942 403 disci-

189 416 240 438 plina
251 417 271 433 ut
283 415 373 433 consistat
383 415 488 437 incolumis,
496 421 571 433 necesse
579 416 655 433 omnino
663 417 692 433 est
700 415 774 437 clerum,
783 416 868 438 quamvis
876 421 934 433 conso

189 447 262 467 clatum,
271 447 289 464 in
301 446 410 464 auctoritate
419 448 437 464 et
445 447 539 469 vigilantia
548 452 622 465 manere
632 447 772 469 Episcoporum,
779 447 811 469 qui
823 452 866 465 eum
878 452 943 469 regere

188 483 211 496 ac
222 478 312 496 moderari
325 478 398 496 debent>
406 478 566 500 Supervacaneum
579 483 653 500 quoque
665 479 699 499 est,
707 478 808 496 etiamnum
820 478 886 499 dicere,
895 478 941 500 Aps»

188 509 272 527 stolicam
285 509 357 531 Sedem,
365 514 406 527 cum
415 509 437 527 'de
449 509 504 527 rebus
516 509 535 526 in
547 509 629 527 Ecclesia
640 509 753 532 populariter
761 509 858 531 novandis,
866 510 904 527 tum
917 510 941 527 de

189 541 290 559 coelibatus
302 541 347 563 lege,
359 546 397 563 qua
408 541 490 558 Ecclesia
501 541 558 558 latina
569 542 664 563 tamquam
677 541 745 564 insigni
756 543 864 559 ornamento
876 541 943 564 gloria-

188 574 223 593 tur,
235 572 342 595 abroganda
353 572 382 590 vel
397 572 522 594 temperanda,
535 577 629 595 nunquam
645 572 684 590 fore
696 577 833 590 consensuram*
845 572 867 590 Id
881 573 942 595 placet

188 604 263 625 interea,
274 603 385 621 venerabilis
397 603 457 624 frater,
469 604 487 621 et
503 603 535 621 tibi
551 605 570 621 et
585 603 666 626 conlegis
677 603 715 621 tuis
730 604 830 621 admodum
845 603 942 626 gratulari,

188 635 238 657 quod
250 634 291 657 ipsa
302 634 384 652 omnium
397 636 478 652 vestrum
490 634 556 657 agendi
569 635 615 652 ratio
627 634 743 652 confirmavit
755 635 846 653 sollertiae
858 640 880 652 ac
892 635 942 652 navi-

188 666 221 683 tati
234 666 271 683 Nos
281 667 353 683 vestrae
361 666 400 683 iure
408 665 488 683 confisos
496 671 542 683 esse.
550 666 596 683 Cum
610 666 657 684 Petri
669 666 717 683 enirn
726 666 818 683 Catbedra
830 667 868 683 tam
880 665 942 683 devin-

188 698 228 715 ctos
241 698 260 714 et
271 697 290 714 in
302 702 321 714 re
333 696 423 714 catholica
434 697 504 714 tuenda
515 698 552 714 tam
565 697 659 714 studiosos
671 698 794 719 strenuosque
805 702 840 714 vos
852 697 941 719 praestiti<

188 728 227 749 stis,
239 729 260 745 ut
277 728 337 745 dicere
355 727 419 745 merito
431 727 485 745 liceat
496 729 560 745 tantae
571 729 671 745 eventuum
686 728 780 750 asperitati
796 733 850 750 pares
862 733 895 745 vos
911 733 942 745 ex-

187 759 264 780 stitisse;
276 764 313 781 qua
327 759 409 781 profecto
421 764 440 776 re
453 759 581 777 benevolentia
592 764 636 782 erga
647 764 680 777 vos
693 759 760 777 Nostra
772 759 848 777 mirifice
860 759 942 777 excitata

188 793 217 809 est
228 793 283 813 atque
293 792 352 808 aucta<
361 790 395 808 Cui
407 790 491 807 omnium
500 792 582 808 vestrum
594 790 697 808 fortitudini
709 790 780 808 utinam
792 791 908 808 sacerdotum
921 793 942 808 et

188 822 310 845 popularium,
318 822 387 844 quibus
396 822 489 844 praeestis,
498 822 603 840 constantia
611 822 637 839 ita
645 822 761 844 respondeat,
770 823 790 839 ut
799 821 881 839 Ecclesia
888 822 941 844 apud

187 845 220 871 v‘os
229 853 376 876 prosperioribus
388 853 467 871 fortunis
476 858 532 875 quam
545 853 624 875 primum
636 854 708 871 utatur!
721 853 794 871 elerum
806 858 850 871 vero
862 858 942 871 comme-

188 885 264 903 minisse
275 884 361 902 volumus
372 889 428 906 quarn
440 884 509 907 grande
525 886 544 902 et
557 885 695 902 sacrosanctum
708 884 732 902 sit
744 884 858 902 sacerdotale
869 890 941 902 munus

186 915 221 933 sibi
231 915 263 933 Dei
272 915 384 937 benignitate
392 915 518 936 commissum,
525 915 605 938 itemque
613 921 669 938 quam
678 920 789 938 magnopere
795 915 862 933 debeat
868 915 942 937 praeire

186 946 271 969 exemplo
283 946 369 963 fidelibus
380 947 398 964 et
409 946 433 963 ab
445 946 533 969 religione
545 946 599 964 officii
611 946 663 964 nulla
674 946 694 964 in
706 952 725 964 re
737 946 834 964 declinare,
847 947 940 964 Paternus

187 978 266 1000 denique
280 977 361 1000 gemitus
375 977 497 1000 hortatusque
514 978 591 995 Nostros
602 977 699 995 miserrimi
715 977 727 995 ii
742 977 848 995 sacerdotes
861 977 942 995 audiant

186 1009 218 1032 qui
234 1009 257 1026 de
273 1008 338 1026 salutis
354 1008 383 1026 via
399 1008 522 1029 detlexeruut;
539 1008 628 1030 recipiant
642 1013 668 1029 se,
681 1014 775 1031 rogamus,
788 1010 807 1026 et
821 1008 942 1026 considerent

186 1045 241 1063 quam
254 1039 273 1057 in
287 1039 385 1062 perniciem
397 1039 446 1057 caeci
461 1039 572 1060 corruerint;
584 1039 644 1057 sciant
654 1040 723 1061 autem,
735 1039 773 1057 Nos
785 1044 880 1062 nunquam
893 1039 942 1057 desi-

186 1072 238 1089 turos
250 1071 274 1088 ab
286 1071 318 1091 Eo,
326 1070 380 1088 cuius
388 1070 437 1088 vices
448 1070 535 1093 gerimus,
547 1070 654 1093 suppliciter
665 1076 771 1093 exposcere,
782 1072 809 1092 ut,
820 1071 877 1088 animi
890 1071 941 1093 cupi*

186 1102 275 1120 ditatibus
286 1101 398 1123 compressis
413 1103 468 1124 atque
484 1101 583 1123 restinctis,
595 1102 619 1119 ad
634 1103 709 1120 sanctae
721 1102 761 1120 eius
772 1102 815 1120 fidei
830 1102 940 1124 amplexum

186 1134 268 1154 redeant„
279 1132 332 1150 cuius
346 1132 449 1150 administri
465 1133 604 1151 consecratione
619 1133 662 1151 faeti
678 1134 727 1151 sunt.
741 1133 853 1151 Caelestium
867 1133 941 1151 interea

186 1165 282 1187 donorum*
292 1164 386 1186 auspicem
400 1166 525 1186 paternaeque
540 1164 623 1182 caritatis
635 1164 714 1182 Nostrae
729 1166 801 1186 testem,
813 1165 852 1186 tibi,
864 1170 941 1182 venera-

186 1196 229 1214 bilis
244 1195 306 1217 frater,
317 1195 393 1217 reliquis
409 1195 509 1213 Bohemiae
525 1195 622 1218 Episcopis
634 1195 758 1218 universoque
773 1195 822 1213 clero
834 1201 856 1213 ac
868 1196 940 1218 populo

186 1226 286 1249 unicuique
303 1227 385 1244 vestrum
399 1226 504 1244 concredito
520 1226 640 1248 apostolicam
656 1226 803 1245 benedictionem
821 1228 941 1249 peramanter

186 1258 206 1276 iu
217 1257 297 1275 Domino
309 1257 430 1279 impertimus.

230 1289 298 1307 Datum
311 1288 381 1306 Romae
398 1289 448 1310 apud
463 1289 647 1312 sanctum'flPetrum,
665 1289 695 1307 die
710 1294 754 1306 xxix
771 1289 841 1307 mensis
858 1289 941 1308 ianuarii

185 1326 235 1339 anno
248 1326 317 1341 ucuxx,
329 1320 449 1338 Pontificatus
462 1320 524 1338 Nostri
536 1321 595 1338 sexto.

438 1382 590 1400 BENEDICTUS
607 1383 641 1400 PP.
653 1383 686 1400 XV
