1023 1579
197 104 215 131 70
363 107 402 121 Acta
409 107 505 125 Apum-‘cae
514 107 557 122 Sedis
566 116 571 118 -
580 108 705 122 Commentariun
714 109 778 126 Officiolo

318 229 420 254 SAGRA
436 229 666 255 GONGREGATIO
683 230 827 255 coNclnn

381 321 490 343 MONTIS
494 322 572 342 VIDEI
587 327 613 342 ΕΤ
627 321 764 343 ALIARUM

475 367 502 379 ST!
505 366 566 379 PDNDH
578 366 672 379 mssumm

456 410 489 426 Die
507 410 529 426 10
545 410 631 426 ianuarii
647 410 692 426 1920

243 446 319 463 Seuerus
331 450 389 463 ινΑσι-ι,
398 455 407 458 -
420 445 563 462 Administrator
571 445 689 467 Apostolicus
701 445 843 463 archidioecesis
855 445 949 463 Mnntisvb

198 477 228 494 dei
243 477 266 494 de
281 476 359 499 antiqua
374 476 509 494 consuetudine
525 476 647 498 plurimarum
663 476 790 498 paroeciarum
806 476 950 494 archidioecesis

198 510 216 526 et
228 508 307 526 duarum
322 507 435 525 dioecesium
451 507 609 530 suffraganearum
623 507 709 525 Meleusis
721 513 742 525 ac
755 508 851 529 Saltensis,
863 508 886 525 ad
901 508 949 525 hanc

199 540 217 558 S.
226 540 292 562 Congr.
300 539 416 557 referendum
426 544 466 557 esse
475 539 533 556 duxit.
542 539 569 556 Ibi
578 539 626 556 enim
639 539 715 561 parochi
725 539 788 557 vicarii
797 539 950 561 cooperatoribus

199 572 312 588 menstruam
328 571 431 588 mercedem
443 570 466 587 50
481 575 536 592 pesos
551 570 631 591 solvunt,
643 570 731 592 imposita
746 570 820 588 vicariis
836 570 949 593 obligatione

198 602 303 624 applicandi
319 601 395 619 missam
411 601 494 624 quotidie
509 601 532 619 ad
548 601 669 619 intentionem
687 601 767 623 parochi.
783 601 814 624 qui
830 601 866 619 sibi
882 602 949 619 retinet

198 633 291 656 stipendia
306 633 379 653 missae,
391 638 428 650 non
444 632 561 650 considerata
572 638 646 650 summa
661 632 685 650 ad
697 638 752 655 qnam
765 633 811 650 haec
826 638 845 650 re
862 638 905 650 vera
917 638 951 655 per

199 670 281 689 mensem
297 664 419 682 ascenderint
432 664 492 685 Quod,
505 663 524 681 in
540 664 634 681 nonnullis
650 664 715 681 saltem
731 664 828 686 paroeciis,
841 664 877 682 hoc
894 664 949 682 modo

199 695 312 718 intelligitur.
320 696 341 713 ut
353 700 376 713 ex
384 695 407 712 50
414 700 469 717 pesos
481 700 525 717 pars
537 700 552 712 ν.
561 700 577 717 g.
586 694 662 712 dimidia
674 693 772 717 tamquam‘
778 700 850 712 summa
859 695 896 713 fixa
906 695 950 713 assi-

199 728 269 749 gnetur,
281 727 339 744 altera
352 731 393 743 vero
406 726 459 748 quasi
472 731 504 748 per
516 726 699 748 compromissionem
712 726 795 743 tradatur
807 731 840 748 pro
851 726 950 748 stipendiis

200 758 305 775 missarum:
317 757 363 775 haec
375 759 437 775 autem
446 757 538 779 stipendia
550 757 568 774 in
581 757 675 774 nonnullis
687 757 733 775 locis
744 762 835 775 summam
848 757 897 775 illam
912 763 949 775 non

200 795 284 812 aequare,
293 789 311 806 in
323 788 365 806 aliis
377 788 427 806 illam
439 794 527 810 superare
535 788 600 806 solent.
610 799 618 801 -
627 788 701 806 Litteris
713 791 808 811 praeterea
817 789 826 806 7
835 790 881 811 sept.
891 789 948 807 huius

199 821 249 842 anni,
257 820 377 843 interroganti
389 820 435 837 Effio
448 819 543 837 Praefecto
555 820 650 842 respondit
661 820 796 838 habitationem
808 825 882 842 quoque
891 822 909 838 et
919 820 950 838 ali-

200 853 261 870 menta
272 857 283 869 a
296 851 381 874 parochis
393 851 516 873 suppeditari;
529 851 602 868 vicariis
618 852 693 873 propter
704 852 857 869 cousuetudinem
876 851 949 873 cupiam

199 883 247 901 alius
264 882 355 905 pactionis
373 882 466 900 moraliter
483 882 553 899 nullam
570 882 618 903 dari3
633 887 667 900 nec
683 882 748 900 deesse
766 883 847 904 privatas
864 883 951 904 querelas

200 914 308 932 vicariorum
322 914 344 931 de
360 913 396 931 isto
408 919 449 931 usu.
462 923 471 926 -
484 913 570 933 Testatur
588 913 643 930 simul
654 914 822 931 remunerationem
834 914 908 931 vicariis
919 914 951 931 tri-

199 946 264 963 butam
276 946 326 963 certo
338 950 379 962 esse
390 944 521 965 sufficientem
534 944 567 962 sed
582 944 618 962 hoc
629 944 648 962 in
662 945 790 967 quaestionem
807 945 875 966 vocari,
886 946 949 962 utrum

200 982 257 995 necne
270 977 315 994 haec
327 970 388 998 pactio
400 976 423 993 de
436 975 534 993 missarum
546 975 669 997 applicatione
682 981 722 993 cum
736 981 776 993 can.
785 976 849 999 84051
863 976 950 998 componi

201 1007 264 1030 possit.
276 1007 398 1029 Addebatque
414 1006 487 1024 interim
500 1005 519 1023 in
531 1006 695 1024 constitutionibus
707 1005 885 1024 dioecesanis'anno
896 1012 951 1029 supe-

199 1039 253 1060 riore,
261 1039 279 1056 in
292 1038 415 1061 parochorum
427 1037 575 1060 congregatione,
583 1039 673 1055 statutum
682 1037 738 1055 fuisse
750 1043 777 1059 ac,
785 1038 853 1056 auditis
862 1038 951 1056 archidio

200 1070 272 1088 vesanis
280 1069 423 1090 consultoribus,
431 1074 442 1086 a,
454 1073 474 1086 se
482 1069 611 1090 approbatum,
621 1076 630 1084 «
639 1070 658 1086 ut
667 1068 686 1086 in
697 1071 798 1091 posterum,
806 1069 865 1087 donec
877 1069 896 1087 S.
903 1069 923 1087 C.
930 1069 950 1087 C.

200 1101 328 1124 quaestionem
341 1100 420 1121 dirimat,
428 1099 504 1122 parochi
516 1100 667 1122 cooperatoribus
679 1100 718 1117 suis
729 1100 831 1118 mercedem
843 1100 917 1118 solvant
928 1101 951 1119 25

201 1132 308 1155 ponderum,
316 1131 388 1149 adiecto
397 1131 479 1153 quotidie
492 1131 559 1148 missae
571 1131 662 1153 stipendio
673 1131 744 1153 integro
756 1131 808 1149 iuxta
816 1133 884 1153 tax-am,
892 1131 918 1149 ita
930 1133 951 1149 ut

199 1163 319 1181 honorarium
332 1163 448 1180 menstruum
464 1167 547 1180 summae
563 1162 585 1179 50
600 1162 703 1184 ponderum
717 1163 853 1185 coaequetur».
866 1172 875 1176 -
889 1163 951 1184 Quare

200 1195 305 1212 reverenter
316 1194 423 1216 postulabat
435 1195 496 1211 utrum
509 1193 594 1215 exposita
606 1193 668 1215 praxis
680 1193 768 1211 sustineri
780 1194 841 1211 adhuc
854 1196 923 1216 posset.

246 1253 425 1270 Auimnvunstouns.
435 1261 444 1264 —
453 1251 518 1269 Canon
530 1251 562 1269 8⁴27
575 1251 626 1269 iubet
637 1253 658 1269 ut
670 1257 681 1269 a
693 1252 741 1274 stipe
749 1252 848 1270 missarum
856 1253 951 1275 quaelihet

201 1284 256 1302 etiam
268 1283 339 1305 species
349 1283 480 1305 negotiationis
492 1283 520 1300 vel
532 1281 647 1300 mercaturae
658 1283 735 1301 omnino
746 1285 836 1301 arceatur.
849 1294 858 1297 -
870 1284 898 1301 Ex
910 1289 950 1302 can.

201 1316 263 1333 autem
271 1314 322 1337 8405
332 1315 347 1335 1,
355 1313 387 1337 qui
399 1313 498 1331 missarum
510 1313 568 1336 stipes
578 1314 674 1332 manuales
682 1314 706 1332 ad
718 1314 765 1332 alios
773 1315 887 1337 transmittit,
895 1315 951 1334 debet

201 1347 286 1368 acceptas
302 1345 372 1367 integre
387 1345 518 1366 transmittere,
530 1345 565 1362 nisi
581 1345 653 1362 oblator
668 1350 755 1368 expresse
770 1346 865 1368 permittat
880 1346 950 1369 aliquid

202 1377 286 1396 retinere.
