1023 1579
184 109 202 123 Μ
351 111 389 124 Acln
399 110 494 127 Apostolicme
503 110 546 123 Sedis
555 118 560 120 -
570 110 694 124 Commennrium
704 110 768 127 Officiale

184 161 283 180 mai-entur.
296 160 358 182 ibique
370 160 465 177 ecclesiam
482 160 551 177 exstrui
568 159 627 181 iussit,
640 160 705 177 beatae
721 159 789 177 Mariae
801 160 870 182 Virgini
887 160 934 177 Boni

185 191 260 209 Consilii
273 191 377 212 dicandam,
389 191 408 208 in
420 196 463 213 qua,
475 192 518 213 post
529 191 611 208 eiusdem
625 191 775 208 Praedecessoris
788 191 849 208 Nostri
857 191 935 212 obitum,

184 227 195 239 a
207 222 264 239 Nobis
276 222 362 244 perfecta,
370 227 382 239 a
389 222 419 239 die
431 227 481 239 nona
493 221 563 239 mensis
571 222 644 244 augusti
653 222 697 239 anni
706 222 779 239 Domini
788 222 880 239 millesimi
888 227 933 239 non-

183 253 279 276 gentesimi
293 253 359 271 decimi
370 251 418 271 sexti
430 258 483 271 saera
494 254 613 276 peraguntur.

229 285 281 302 Nunc
293 290 343 306 vero,
355 290 412 307 quum
430 285 448 302 in
464 284 528 302 eodem
545 284 586 302 loco
602 284 703 302 incolarum
719 290 807 302 numerus
819 284 882 307 augeri
895 290 932 302 non

183 315 275 336 desiverit,
287 316 311 333 ad
323 315 419 338 spirituale
431 316 511 333 fidelium
529 315 554 333 ibi
570 315 725 333 commorantium
741 315 810 333 bonum
827 315 933 338 parochiam

182 347 290 364 instituendi
303 346 405 364 necessitas
417 347 481 369 patuit.

227 378 265 395 Nos
277 377 338 400 igitur,
346 377 434 395 omnibus
445 379 516 395 mature
525 377 627 400 perpensis,
636 377 748 400 praedictam
757 378 860 398 ecclesiam,
869 378 935 395 heatae

183 409 251 426 Mariae
263 409 332 431 Virgini
347 409 393 426 Boni
406 408 482 426 Consilii
494 409 581 430 dicatam,
593 409 612 426 in
624 409 665 426 loco
678 416 687 424 ι
696 408 814 430 Quatrarium
824 415 840 430 ι,
851 409 906 431 vulgo
917 410 934 426 ΙΙ

182 441 282 461 Quadrato,
295 441 408 462 nuncupato,
424 440 533 457 auctoritate
548 440 615 457 Nostra
631 440 649 457 in
666 440 771 462 parochiam
788 440 881 463 erigimus,
894 446 933 458 ere-

180 472 266 493 ctamque
280 476 313 493 per
329 472 436 493 praesentes
451 470 522 488 litteras
537 470 654 488 declaramus
669 476 711 488 cum
724 471 811 488 omnibus
827 471 899 488 iuribus
914 473 931 488 et

181 502 280 524 privilegiis
291 502 315 519 ad
328 501 486 524 parochialilatem
500 502 640 524 pertinentibus*

225 534 289 551 Dictae
301 533 400 555 parochiae
412 533 439 550 sic
450 533 523 550 noviter
535 535 606 551 erectae
618 533 737 551 attribuimus
745 534 793 551 circa
805 534 884 556 positum
897 535 933 551 ter-

179 565 269 586 ritorium,
278 565 332 582 cuius
343 565 440 586 propterea
448 566 520 586 partem
528 569 550 582 ex
560 564 692 582 Sacrossnctae
701 564 793 582 Ecclesiae
803 565 932 582 Lateranensis

180 596 273 618 parochia,
280 597 351 618 partem
358 600 401 613 vero
408 601 418 613 e
427 595 514 617 parocbia
520 595 628 613 suburbana
634 597 740 613 sanctorum
750 595 798 614 Petri
806 597 825 613 et
831 596 931 613 Marcellini

179 628 227 645 inter
239 628 287 644 duae
299 628 367 648 laurea,
375 627 461 649 suppleto
470 632 563 644 consensu
571 628 609 644 tum
619 627 699 649 Capituli
707 627 790 645 eiusdem
802 627 935 645 Lateranensis

180 658 277 678 Ecclesiae.
289 660 329 675 tum
343 658 418 680 parochi
431 658 524 680 praefatae
536 658 624 675 ecclesiae
636 659 742 676 sanctorum
760 658 841 682 Petrifet
857 659 923 676 Marcel

180 690 212 707 lini
225 690 274 707 inter
288 690 337 707 duas
353 690 420 710 lauros,
432 689 550 711 Apostolicae
566 689 664 711 potestatis
679 689 794 711 plenitudine
810 695 842 712 per
854 690 929 707 easdem

181 722 288 743 praesentes
299 720 371 737 litteras
383 720 543 737 dismembramus.

225 752 287 769 Novae
299 751 375 773 insuper
382 751 409 768 sic
417 752 488 768 erectae
501 751 599 773 parochiae
610 756 712 774 congruam
722 751 811 773 pecuniae
820 752 855 769 vim
864 752 930 769 consti—

179 783 255 804 tuimus,
261 784 317 805 atque
327 787 381 800 usum
392 782 464 803 domus,
472 787 520 804 quae
528 782 633 804 praedictae
641 782 729 800 ecclesiae
738 783 814 804 adiacet,
823 783 842 801 in
855 783 930 806 parochi

180 820 213 836 pro
225 816 307 836 tempore
320 813 453 831 habitationem
466 814 591 831 concedimus.

222 845 250 863 Ad
262 845 308 863 haec
320 845 382 862 omnia
394 845 512 867 exsequenda
524 846 543 862 et
554 844 573 862 in
586 845 650 867 primis
661 845 685 862 ad
698 850 757 863 novae
770 845 869 867 parochiae
877 846 930 867 fines,

179 878 200 894 ut
211 881 273 899 supra,
283 868 404 897 'stamen-ios,
419 876 531 898 deputamus
547 876 668 894 venerabilem
691 878 757 894 ratrem
775 877 862 894 Nostrum
879 877 930 894 Basi-

179 907 229 928 lium,
241 907 348 930 episcopum
360 907 478 928 Veliternum,
491 906 509 924 S.
523 907 543 924 R.
555 907 575 924 E.
588 907 700 925 cardinalem
709 908 793 930 Pompili,
806 908 893 926 Nostrum
909 908 928 925 in

178 938 228 956 Urbe
238 938 343 960 generalem
356 937 375 955 in
388 937 516 960 spiritualibus
524 938 621 959 Vicarium,
632 938 692 956 eidem
704 938 807 956 tribuentes
815 939 932 957 necessarias

178 971 197 987 et
208 970 324 992 opportunas
336 968 434 986 facultates
445 969 469 986 ad
481 969 567 986 effectum
579 968 601 986 de
613 974 651 991 quo
663 969 728 991 agitur.

223 1001 333 1018 Praesentes
345 1001 407 1017 autem
427 1000 491 1017 itteras
503 1001 521 1017 et
533 1000 551 1017 in
564 1000 591 1017 eis
603 1001 690 1018 contenta
697 1006 830 1023 quaecumque,
842 1001 896 1019 etiam
906 1006 928 1019 ex

178 1038 200 1050 eo
209 1032 260 1055 quod
268 1031 351 1054 quilibet,
359 1036 437 1053 quorum
457 1032 532 1052 nterest,
540 1031 568 1048 vel
581 1036 602 1048 su
634 1033 717 1049 nteresse
731 1033 857 1054 praesumant,
865 1034 896 1050 aut
909 1032 928 1050 in

178 1063 291 1086 praemissis,
299 1068 333 1080 seu
345 1067 410 1080 eorum
422 1062 485 1084 aliquo
494 1062 523 1080 ius
531 1062 617 1084 quamvis
629 1067 651 1079 ex
664 1062 778 1084 fundatione,
787 1063 816 1080 vel
827 1063 928 1084 dolatione,

177 1094 205 1112 vel
221 1094 284 1116 aliquo
299 1093 366 1116 quovis
395 1093 440 1114 tulo,
456 1093 537 1110 habeant
554 1098 575 1110 ve
599 1093 667 1111 habere
679 1095 805 1115 praesumant,
817 1094 874 1111 auditi
890 1099 927 1112 non

177 1125 246 1143 tuerint
258 1130 279 1142 ac
291 1124 398 1147 praemissis
410 1124 476 1142 iisdem
489 1129 527 1142 non
540 1125 673 1146 consenserint,
685 1124 739 1142 etiam
752 1125 768 1142 si
783 1130 878 1148 expressa,
889 1131 928 1148 spe-

177 1157 229 1174 cifica
240 1157 259 1174 et
270 1156 365 1173 individua
378 1155 470 1173 mentione
482 1155 532 1178 digni
541 1155 583 1177 sint,
591 1156 643 1173 nullo
651 1161 733 1178 unquam
743 1157 824 1178 tempore
832 1156 855 1174 de
863 1157 928 1174 subre-

177 1187 251 1210 ptionis,
263 1187 291 1204 vel
303 1186 423 1209 obreptionis,
434 1187 467 1204 sut
478 1186 569 1204 nullitatis
577 1186 628 1208 vitio,
640 1192 673 1204 seu
686 1186 794 1204 intentionis
806 1187 890 1209 Nostrae,
899 1188 927 1205 vel

176 1218 260 1241 quolibet
271 1218 313 1239 alio,
328 1217 372 1235 licet
387 1217 432 1235 subs
440 1217 505 1234 antiali
521 1218 540 1234 et
555 1217 680 1240 inexcogitato
692 1218 770 1239 defectu,
787 1218 852 1239 notari,
868 1218 928 1241 impu>

176 1249 227 1273 gnari
242 1249 271 1267 vel
283 1249 301 1266 in
310 1249 418 1266 controvers
425 1253 456 1266 am
465 1248 526 1265 vocari
534 1253 595 1270 posse,
603 1248 636 1266 sed
644 1253 681 1270 eas,
690 1250 785 1271 tamquam
793 1251 843 1267 certa
851 1250 928 1268 scientia

176 1283 193 1299 et
206 1280 303 1303 potestatis
315 1279 428 1302 plenitudinta
441 1279 506 1300 editas,
518 1281 608 1302 perpetuo
620 1279 691 1298 validas
702 1285 743 1298 esse
759 1282 777 1298 et
789 1281 833 1302 fore,
845 1286 928 1304 suosque

176 1312 268 1335 plenarios
280 1312 298 1329 et
311 1310 392 1333 integros
405 1311 482 1330 effectus
494 1310 555 1328 sortiri
568 1311 586 1328 et
598 1310 687 1332 obtinere,
699 1312 755 1334 atque
767 1311 789 1329 iis
801 1312 894 1334 omnibus,
904 1312 928 1330 ad

176 1349 223 1366 quos
235 1343 312 1365 spectat,
336 1342 417 1359 nviolabi
425 1342 460 1359 iter
475 1342 570 1359 observari
582 1341 669 1360 volumus
685 1344 703 1360 et
715 1343 837 1364 decernimus,
852 1343 927 1361 sublata

176 1375 291 1396 cuicumque,
303 1373 359 1391 etiam
372 1372 493 1390 Cardinalitia
505 1372 594 1395 dignitate
606 1373 689 1395 fulgenti,
697 1373 763 1396 quavis
772 1374 826 1392 aliter
834 1374 930 1392 iudicandi
