1023 1579
185 103 204 117 ³4
354 104 392 118 Aeta
400 104 496 122 Apostolicae
504 104 547 118 Sedis
557 112 562 114 -
571 104 696 118 Commentariun
705 104 769 121 Officiak

185 155 248 172 eadem
263 154 324 176 potins
336 154 462 176 ingravescere
475 154 569 176 coepisse:
581 154 637 176 idque
649 159 682 176 pro
695 154 782 176 pastorali
791 156 823 171 tua
835 154 935 176 diligentia.

186 186 238 203 facile
247 185 342 207 intelliges,
351 185 461 202 venerabilis
473 185 535 206 frater,
543 187 658 207 quantopere
668 185 705 203 Nos
717 187 773 207 angat
781 186 837 207 atque
845 185 936 203 sollicitet.

186 217 253 238 Quare,
261 216 320 234 officio
333 216 411 238 permoti
424 221 461 238 quo
474 216 568 239 fungimur
579 216 660 234 Pastoris
673 216 753 234 universi
762 216 858 234 christiani
870 216 936 239 gregis,

185 249 204 265 et
216 248 314 270 praecipuo
326 247 407 270 quodam
420 247 470 265 ducti
481 253 544 265 amore
557 248 575 265 in
588 248 636 265 filios
648 248 667 265 in
679 248 736 265 tantis
748 248 833 270 periculis
849 248 936 266 constitu-

185 281 221 299 tos,
230 279 317 297 Nostrum
330 284 371 296 esse
380 284 476 296 censemus
485 280 508 300 te,
517 279 627 297 venerabilis
639 280 700 300 frater,
709 281 787 301 tuosque
797 279 815 297 in
824 279 937 301 Episcopatu

186 311 271 333 collegas,
287 310 355 332 quibus
371 310 396 327 illi
414 312 459 328 suut
476 310 559 332 proxime
576 310 681 331 concrediti,
696 310 813 328 vehementer
831 310 900 328 hortari
916 312 937 328 ut

186 343 301 364 praesentem
309 343 379 359 statum
390 341 513 359 attentissime
521 341 646 359 consideretis.
655 342 720 364 ltaque
728 343 748 359 ut
757 347 790 359 vos
798 342 852 364 plane
861 341 937 364 possitis

176 373 290 397 *perspicere
306 373 400 395 quomodo
412 378 441 390 res
457 378 476 390 se
489 373 570 390 habeant
585 373 648 395 eisque
664 373 731 391 idonea
745 373 834 390 adhibere
850 373 937 394 remedia,

186 404 261 422 omniuo
274 406 361 426 putamus
373 406 457 426 oportere
469 410 525 427 quam
538 404 617 426 primum
631 410 669 422 vos.
677 405 755 427 Pragam
767 404 785 422 in
798 410 856 422 unum
873 410 938 422 conve-

187 436 247 453 niatis.
256 436 291 457 Qui
304 437 412 456 conventus,
421 441 453 458 pro
465 436 555 458 gravitate
564 436 676 458 agendarum
689 441 749 454 rerum
759 441 807 458 quae
819 441 889 454 moram
899 441 935 454 non

187 467 288 489 patiuntur,
300 472 337 484 non
350 467 399 484 ultra
410 467 507 484 dimidium
520 467 589 484 mensis
601 467 679 489 proximi
692 467 772 485 februari
784 467 882 485 habendus
898 467 937 485 erit.

187 498 214 515 Tu
227 498 287 520 igitur,
299 498 410 515 venerabilis
421 498 483 519 frater,
494 498 526 515 ubi
539 498 573 516 has
586 498 656 516 litteras
667 498 765 520 acceperis,
777 498 812 516 boc
829 498 936 516 mandatum

187 530 273 547 Nostrum
287 530 361 552 collegis
374 530 410 547 tuis
425 529 547 552 significabis3
559 530 640 551 itemque
653 529 723 547 videbis
738 535 762 547 an
776 530 862 547 dilectum
878 530 935 547 filium

188 561 280 581 Nostrum,
287 560 402 578 Cardinalem
412 560 576 582 Archiepiscopum
585 560 733 581 olomucensem,
740 566 773 578 sua
782 561 841 582 ipsius
849 561 935 578 valetudo

186 594 204 609 el
213 592 301 609 ecclesiae
310 597 355 609 suae
367 593 427 609 status
437 592 480 609 huic
492 592 662 609 conventuisinant
670 592 767 609 interesse:
777 592 814 609 Nos
827 592 875 609 enim
884 592 936 609 valde

188 623 267 641 velimus
278 628 321 640 eum
334 623 428 640 vobiscum
438 623 502 640 adesse
515 624 533 640 et
545 623 620 640 honoris
632 628 681 645 ergo,
689 623 716 640 uti
729 628 762 645 par
773 625 807 644 est,
815 623 875 641 coetui
888 628 937 645 prae-

188 654 253 672 sidere.
264 654 325 672 Palam
334 656 363 672 est
370 659 430 672 rernm
440 654 567 672 condicionem
576 654 673 676 praecipue
682 654 721 672 fieri
729 654 832 677 graviorem
840 660 863 672 ex
871 654 937 677 agendi

188 685 259 703 ratione
271 685 401 703 nonnullorum
414 691 424 702 e
436 685 491 706 clero,
499 690 563 703 eorum
577 685 656 703 maxime
668 686 699 708 qui
712 687 756 704 sunt
765 685 788 703 de
800 685 937 703 consociatione

188 717 231 734 cleri
249 717 339 734 bohemici
356 717 431 734 [saneta
447 717 473 734 uti
490 718 562 737 vocant,
574 722 652 738 quorum
669 716 771 738 pervicacia
786 717 805 734 in
821 717 938 738 postulandis

188 748 258 765 insanis
270 753 330 765 rerum
344 748 457 765 novitatibus
469 748 542 765 insistit.
555 748 627 765 Scimus
639 748 725 770 equidem
738 748 769 770 qui
782 748 817 765 ista
825 748 938 765 contendant

187 785 228 797 esse
244 785 276 797 eos
292 779 335 797 cleri
353 779 444 797 bohemici
462 780 532 801 partem
550 784 595 797 sane
613 779 708 801 exiguam:
723 779 756 797 sed
773 780 836 797 tamen
852 779 938 797 novimus

187 813 257 833 quanta
270 811 294 828 sit
305 811 324 828 in
340 812 411 828 ceteros
423 811 451 828 vis
464 816 564 833 paucorum
578 816 625 833 quae
638 810 781 828 consociationis
793 810 885 832 praesidio
897 816 937 828 con-

187 842 275 860 firmetur.
288 842 404 864 Quapropter
417 842 469 859 vobis
479 842 497 859 in
510 842 594 864 proximo
606 843 699 859 conventu
710 842 831 864 expendenda
843 842 862 859 in
874 842 938 864 primis

188 874 222 891 erit
234 873 290 891 huius
302 873 446 891 consociationis
458 878 514 895 opera
530 873 624 896 probeque
636 873 791 891 considerandum
806 875 867 891 utrum
880 879 902 891 ea
914 873 938 891 sit

188 910 236 927 quae
244 905 269 922 ita
281 904 340 926 possit
347 904 442 922 emendari
454 906 475 922 ut
486 904 621 922 ecclesiastieae
633 904 741 926 disciplinae
753 904 800 921 ratio
812 904 864 921 salva
876 904 905 925 sit,
913 909 938 922 an

187 936 252 953 eadem
270 936 294 953 sit
311 935 387 953 omnino
405 935 524 953 dissolvenda
542 935 689 957 prohibendique
707 935 813 953 sacerdotes
832 940 897 953 omues
914 941 938 953 ne

188 966 301 984 adhaereant
312 966 335 987 ei.
347 966 363 984 si
375 966 449 989 quidem
461 968 525 984 contra
542 966 656 983 voluntatem
672 968 758 987 vestram,
772 966 898 988 permanserit.
911 967 938 984 De

189 998 211 1015 iis
223 999 285 1015 autem
300 1003 362 1015 rerum
374 997 466 1019 capitibus
481 1002 529 1019 quae
541 997 558 1015 ei
574 997 708 1017 consociationi
724 997 819 1019 proposita
835 999 884 1018 sunt,
900 1003 937 1015 non

188 1034 236 1051 opus
243 1030 271 1046 est
283 1029 313 1046 hic
324 1034 335 1046 a
344 1028 401 1046 Nobis
413 1028 474 1046 iterari
486 1028 536 1050 quod
549 1028 581 1045 tibi
594 1033 662 1049 coram,
670 1033 712 1045 cum
725 1028 748 1046 ad
761 1028 799 1046 Nos
810 1028 904 1046 admissus
912 1034 938 1049 es,

188 1060 333 1083 significavimus
341 1060 428 1082 qnodque
437 1059 460 1076 iis
468 1059 601 1080 sacerdotibus
610 1059 641 1081 qui
650 1064 714 1077 rnense
723 1059 774 1077 iunio
782 1059 866 1081 proxime
874 1060 937 1082 elapso

188 1091 243 1109 istinc
256 1091 306 1108 missi
324 1091 428 1108 consultum
447 1091 525 1108 Romam
538 1092 631 1112 venerant,
644 1091 694 1108 omni
706 1090 844 1108 asseveratione
862 1091 938 1108 affirma-

189 1123 258 1140 vimus:
270 1122 338 1140 scilicet
350 1122 468 1140 ecclesiastici
484 1122 586 1139 caelibatus
599 1122 664 1144 legem,
676 1123 697 1139 ut
709 1122 827 1144 praecipuum
840 1122 937 1139 sacerdotii

189 1153 273 1171 catholici
282 1153 339 1171 decus
349 1153 426 1175 eiusque
438 1153 526 1170 virtutum
538 1153 649 1175 optimarum
658 1153 734 1174 fontem,
742 1154 805 1171 sancte
813 1152 938 1175 inviolateque

188 1190 229 1202 esse
241 1184 361 1205 retinendam,
374 1189 407 1201 nec
422 1189 511 1206 nmquam
530 1184 612 1201 futurum
628 1189 669 1202 osse
681 1186 702 1201 ut
717 1189 758 1201 eam
770 1184 815 1202 haec
831 1184 938 1206 Apostolica

189 1216 246 1233 Sedes
258 1215 331 1233 abolere
344 1217 376 1233 aut
388 1215 470 1237 mitigare
484 1215 530 1233 velit.
543 1215 589 1233 Item
601 1215 638 1237 pati
651 1220 688 1233 non
704 1220 804 1237 possumus
816 1215 865 1233 clero
880 1215 898 1233 id
910 1215 938 1232 tri-

189 1247 244 1264 buere
256 1248 277 1264 ut
289 1247 317 1264 ius
329 1246 405 1268 aliquod
417 1246 452 1263 sihi
464 1248 537 1269 arroget
549 1246 568 1264 in
580 1246 718 1269 praerogativas
730 1246 784 1264 istius
796 1246 850 1264 Sedis
866 1246 938 1263 Archie-

189 1278 293 1300 piscopalis.
310 1277 367 1295 Cuius
383 1277 457 1300 quidem
474 1277 528 1295 Sedis
545 1277 652 1300 dignitatem
669 1279 725 1300 atque
740 1277 880 1299 amplitudinem
896 1282 937 1295 curn

188 1309 223 1331 ipsi
235 1309 325 1327 habemus
337 1309 391 1331 plane
404 1310 524 1331 perspectam,
533 1309 620 1326 Nostrum
628 1308 663 1326 crit
675 1308 755 1326 iudicare
765 1314 809 1326 num
817 1310 835 1326 et
843 1308 938 1331 quomodo

188 1346 228 1358 eam
243 1340 272 1358 vel
284 1340 307 1357 ad
324 1340 407 1357 altiorem
421 1340 497 1357 honoris
513 1340 590 1362 gradum
607 1340 710 1362 promoveri
726 1341 816 1362 oporteat.
830 1340 937 1362 Optandum

188 1373 216 1389 est
229 1372 284 1389 istum
296 1371 372 1392 clerum,
384 1371 408 1389 ab
422 1371 451 1389 his
463 1371 534 1389 insanis
546 1371 704 1393 postulationibus
715 1371 837 1392 recedentem,
845 1371 864 1388 in
877 1371 937 1389 officio
