1023 1579
191 106 211 121 ω
361 109 398 122 Actu
406 108 501 126 Amanum
510 108 553 122 Suasa
562 116 568 119 -
577 109 701 123 eon-mmmm„-
711 109 774 127 officum

553 225 584 245 111

192 293 215 305 ΑΙ)
227 293 243 305 R.
256 293 272 305 P.
284 293 301 305 D.
313 292 425 305 flmmeum!
437 292 571 308 smncmlwnn,
579 293 710 305 cssomconuu
718 293 840 306 nsonnammn
848 293 941 306 PRABHON-

235 324 361 337 swnxrnnsium
374 324 459 336 Anemuri
470 324 585 340 GENERALDU,
598 324 621 336 ΟΒ
634 324 747 337 saecundum
759 324 832 337 numnis
844 324 941 337 sentinus.

236 380 306 398 Dilecte
318 380 350 401 fili,
365 380 444 398 salutem
459 382 478 398 et
493 380 615 402 apostolicam
628 380 781 398 benedictionem.
798 391 818 393 —
836 381 900 402 istum,
912 382 941 399 cui

192 412 291 434 praesides,
303 411 393 429 illustrem
406 411 500 432 Ordinem,
512 413 578 429 octavo
590 411 626 429 iam
639 413 718 430 exeunte
734 412 809 430 saeculo
825 417 847 430 ex
864 418 902 435 quo
914 415 942 430 est

191 443 277 460 conditus
289 442 374 465 equidem
386 443 496 465 gaudemus,
508 444 560 460 tanta
572 443 600 460 vel
613 443 748 465 longinquitate
759 443 789 461 vel
800 443 890 462 varietate
898 445 942 462 tem-

193 480 257 497 porum
271 474 317 492 adeo
331 479 368 492 non
380 474 501 492 consenuisse
513 476 534 492 ut
546 480 612 492 novam
629 474 740 492 viriditatem
755 475 856 497 quamdam
872 475 941 493 habere

194 506 282 523 videatur.

237 538 285 555 Saue
297 537 391 560 cognitum
406 538 435 554 est
452 538 495 554 unte
510 537 560 554 illam
575 542 612 554 non
628 537 778 555 reformationem
790 538 824 555 sed
840 538 941 560 corruptio-

192 574 233 587 nem
246 569 271 587 rei
283 568 385 591 religiosae,
398 573 430 590 per
441 570 540 586 novatores
554 568 651 590 invectam,
663 568 747 586 Norberti
762 569 820 591 patrie
834 569 939 587 institutum

191 605 247 623 quam
259 600 333 618 floreret
345 604 404 622 usque
416 604 496 622 quaque,
508 602 526 617 et
538 601 618 622 quantas
630 605 653 617 ex
664 605 687 617 ea
699 600 803 617 calamitate
815 600 881 623 plagas
893 605 940 618 acce-

192 631 247 654 perit:
258 631 324 649 mirum
333 636 377 649 vero
385 632 411 652 ut,
419 630 475 648 veluti
484 631 508 648 ab
517 630 592 648 interitu
605 636 707 653 resurgens,
716 631 802 653 coeperit,
810 637 858 654 quae
867 632 940 650 fecisset

193 662 303 681 detrimenta
314 662 388 683 sarcire,
400 667 422 679 nc
433 662 501 679 sensim
520 667 553 684 per
565 667 587 679 ea
598 662 639 684 ipse
650 662 692 679 loca
709 667 774 680 rursus
788 663 893 685 propagari,
903 663 940 680 >ubi

194 694 230 711 iam
242 698 353 716 oppressum
365 694 404 710 erat
419 694 438 710 et
449 693 567 710 exstinctum.
585 693 649 715 ltaque
662 693 746 710 videmus
761 693 874 715 perlibenter
890 694 942 711 Prae·

192 726 338 743 inonstratenses
350 724 428 744 sodales,
437 729 470 746 pro
482 724 510 741 bis
522 725 560 741 tam
573 724 641 746 iniquis
650 724 765 746 temporibus
773 724 823 742 baud
831 724 858 742 ita
865 730 941 747 paucos,

192 756 210 773 in
222 755 273 773 omni
284 760 351 778 genere
363 755 446 773 studiose
455 755 544 776 laborare,
552 755 602 778 quod
615 755 638 772 ad
646 755 720 773 divinae
728 755 797 778 gloriae
806 755 940 774 incrementum

191 787 307 809 salutemque
325 786 420 809 pertineat.
433 786 472 804 Hoc
489 788 550 804 autem
567 786 625 804 Nobis
641 786 740 809 praecipue
754 788 826 809 gratum
844 789 878 808 est,
890 788 941 810 quod

191 818 276 840 spiritum
288 818 350 840 ipsum
362 817 480 840 agnoscimus
493 817 510 835 iu
523 817 577 835 vobis
593 823 604 835 a
620 817 738 835 sanctissimo
753 819 828 836 auctore
844 820 907 836 vestro
923 820 941 836 et

191 849 266 872 legifero
280 850 332 871 patre
350 848 443 869 traditum,
459 848 544 870 spiritum
560 848 639 866 dicimus
654 849 673 866 in
688 854 725 871 quo
743 849 812 867 eminet
829 851 847 867 et
863 851 940 868 actuosa

191 880 258 898 caritas
270 885 313 902 erga
325 880 464 897 Sacramentum
474 881 581 902 augustum,
589 881 607 898 et
619 880 698 898 tiliorum
711 880 770 902 pietas
778 886 822 903 erga
834 881 941 899 immacula-

191 913 229 929 tarn
242 911 275 929 Dei
288 911 370 932 Matrem,
381 912 400 929 et
416 911 490 933 plenum
502 911 571 929 amoris
587 911 698 933 obsequium
714 911 733 928 in
752 912 799 929 banc
813 912 939 934 Apostolicam

191 943 263 961 Sedem.
272 942 362 962 lamvero.
370 942 393 959 ad
402 942 528 959 exacuendam
537 942 555 960 in
564 942 631 960 animis
638 942 703 960 vestris
711 943 776 965 optimi
784 943 875 965 cuiusque
884 944 940 961 studii

191 974 310 994 alacritatem,
323 973 401 990 multum
416 973 512 995 profutura
524 973 635 990 arbitramur
647 973 682 991 ista
696 979 744 995 quae
756 974 825 996 paratis
837 975 940 992 saecularia

190 1005 280 1022 solemnia
292 1004 316 1022 ob
329 1004 435 1022 memoriam
449 1004 540 1026 originum
553 1009 651 1026 rerumque
663 1005 772 1022 vestrarum.

235 1035 287 1057 Quae
297 1034 453 1056 commemoratio,
461 1040 499 1057 quo
511 1035 539 1052 vel
552 1035 663 1052 fructuosior
675 1035 752 1053 exsistat
760 1037 815 1058 atque
823 1036 885 1058 etiam,
895 1037 939 1055 Pon-

189 1067 255 1085 tificiae
265 1066 384 1084 auctoritatis
395 1066 504 1086 intercessu,
516 1066 621 1087 solemnior,
633 1066 700 1084 damus
716 1068 742 1088 ut,
760 1067 873 1090 ubicumque
889 1069 938 1090 apud

189 1104 222 1116 vos
234 1103 256 1116 ea
264 1097 392 1118 celebrabitur,
400 1097 484 1119 quisquis
493 1098 554 1115 vestra
562 1097 632 1119 templa
644 1098 671 1115 vel
683 1098 751 1115 sacella
760 1098 844 1116 inviserit
852 1101 870 1116 et
882 1100 939 1117 sacris

189 1129 213 1147 ob
231 1134 272 1146 eam
291 1133 368 1146 causam
386 1128 464 1150 peractis
484 1128 592 1149 interfuerit,
608 1128 708 1150 plenariam
729 1130 845 1150 peccatorum
861 1135 938 1148 suorum

189 1160 268 1181 veniam,
280 1159 354 1177 usitatis
367 1159 514 1180 condicionibus,
526 1159 584 1177 semel
596 1159 681 1177 lucretur.
691 1160 836 1183 Divino-rumque
844 1161 938 1183 auspicem

189 1196 286 1208 munerum
299 1195 321 1208 ac
333 1190 472 1208 benevolentiae
485 1190 562 1207 Nostrae
577 1191 665 1212 paternae
681 1191 746 1208 testem
763 1191 817 1212 habe,
829 1191 896 1209 dilecte
908 1192 939 1213 flii,

189 1221 309 1244 apostolicam
323 1220 476 1241 benedictionem,
487 1226 544 1243 quam
552 1220 585 1238 tibi
598 1222 616 1238 et
628 1221 715 1239 omnibus
723 1222 755 1244 qui
767 1222 790 1240 de
802 1222 939 1240 Praemonstra-

189 1252 237 1270 tensi
248 1252 318 1270 familia
330 1253 379 1273 sunt,
391 1252 518 1269 amantissime
530 1251 651 1274 impertimus.

235 1284 302 1301 Datum
308 1283 379 1300 Romae
384 1283 434 1305 apud
441 1284 526 1300 sanctum
533 1283 614 1304 Petrum,
622 1283 652 1301 die
661 1288 678 1300 [v
688 1284 758 1301 mensis
768 1284 855 1302 februarii
869 1291 937 1306 iacun,

190 1314 312 1333 Pontificatus
324 1314 386 1332 Nostri
398 1319 447 1332 anno
460 1315 518 1332 sexto.

445 1377 595 1394 BENEDICTUS
613 1377 646 1394 W.
660 1377 690 1394 ΧΥ
