<?xml version="1.0" encoding="UTF-8"?>
<!DOCTYPE html PUBLIC "-//W3C//DTD XHTML 1.0 Transitional//EN"
    "http://www.w3.org/TR/xhtml1/DTD/xhtml1-transitional.dtd">
<html xmlns="http://www.w3.org/1999/xhtml" xml:lang="en" lang="en">
 <head>
  <title>
</title>
<meta http-equiv="Content-Type" content="text/html;charset=utf-8" />
  <meta name='ocr-system' content='tesseract 3.04.00' />
  <meta name='ocr-capabilities' content='ocr_page ocr_carea ocr_par ocr_line ocrx_word'/>
</head>
<body>
  <div class='ocr_page' id='page_1' title='image "actaapostolicae01citygoog_0037.png"; bbox 0 0 1023 1579; ppageno 0'>
   <div class='ocr_carea' id='block_1_1' title="bbox 176 105 761 125">
    <p class='ocr_par' dir='ltr' id='par_1_1' title="bbox 176 105 761 125">
     <span class='ocr_line' id='line_1_1' title="bbox 176 105 761 125; baseline 0.002 -6"><span class='ocrx_word' id='word_1_1' title='bbox 176 105 194 119; x_wconf 66' lang='lat'>³2</span> <span class='ocrx_word' id='word_1_2' title='bbox 343 107 382 124; x_wconf 60' lang='lat' dir='ltr'>Acta</span> <span class='ocrx_word' id='word_1_3' title='bbox 392 106 487 125; x_wconf 68' lang='lat' dir='ltr'>Apostolicae</span> <span class='ocrx_word' id='word_1_4' title='bbox 496 106 539 120; x_wconf 60' lang='lat' dir='ltr'>Sed-*a</span> <span class='ocrx_word' id='word_1_5' title='bbox 548 114 554 117; x_wconf 92' lang='lat'><em>-</em></span> <span class='ocrx_word' id='word_1_6' title='bbox 563 107 688 121; x_wconf 66' lang='lat' dir='ltr'>Comuntur-ium</span> <span class='ocrx_word' id='word_1_7' title='bbox 697 106 761 124; x_wconf 58' lang='grc' dir='ltr'>ΟΜ</span> 
     </span>
    </p>
   </div>
   <div class='ocr_carea' id='block_1_2' title="bbox 175 157 928 580">
    <p class='ocr_par' dir='ltr' id='par_1_2' title="bbox 175 157 927 522">
     <span class='ocr_line' id='line_1_2' title="bbox 177 157 926 180; baseline 0 -5"><span class='ocrx_word' id='word_1_8' title='bbox 177 158 254 175; x_wconf 81' lang='lat' dir='ltr'>Romam</span> <span class='ocrx_word' id='word_1_9' title='bbox 271 163 291 175; x_wconf 92' lang='lat' dir='ltr'>se</span> <span class='ocrx_word' id='word_1_10' title='bbox 306 162 366 179; x_wconf 80' lang='lat' dir='ltr'>nuper</span> <span class='ocrx_word' id='word_1_11' title='bbox 381 157 496 178; x_wconf 86' lang='lat' dir='ltr'>contulisset,</span> <span class='ocrx_word' id='word_1_12' title='bbox 507 157 595 180; x_wconf 70' lang='lat' dir='ltr'>singulari</span> <span class='ocrx_word' id='word_1_13' title='bbox 611 157 741 175; x_wconf 72' lang='lat' dir='ltr'><strong>benevolentia</strong></span> <span class='ocrx_word' id='word_1_14' title='bbox 754 157 864 180; x_wconf 81' lang='lat' dir='ltr'>accepimus.</span> <span class='ocrx_word' id='word_1_15' title='bbox 877 157 926 175; x_wconf 85' lang='lat' dir='ltr'>Nihil</span> 
     </span>
     <span class='ocr_line' id='line_1_3' title="bbox 175 188 926 210; baseline 0 -5"><span class='ocrx_word' id='word_1_16' title='bbox 175 188 274 206; x_wconf 86' lang='lat' dir='ltr'>tribuimus</span> <span class='ocrx_word' id='word_1_17' title='bbox 282 188 390 206; x_wconf 78' lang='lat' dir='ltr'>immerenti.</span> <span class='ocrx_word' id='word_1_18' title='bbox 399 188 533 205; x_wconf 82' lang='lat' dir='ltr'>Moderatorem</span> <span class='ocrx_word' id='word_1_19' title='bbox 542 188 714 205; x_wconf 83' lang='lat' dir='ltr'>florentissimarum</span> <span class='ocrx_word' id='word_1_20' title='bbox 723 188 823 209; x_wconf 80' lang='lat' dir='ltr'>civitatum,</span> <span class='ocrx_word' id='word_1_21' title='bbox 832 190 926 210; x_wconf 79' lang='lat' dir='ltr'>praestan-</span> 
     </span>
     <span class='ocr_line' id='line_1_4' title="bbox 175 219 927 241; baseline 0.001 -5"><span class='ocrx_word' id='word_1_22' title='bbox 175 221 213 237; x_wconf 87' lang='lat' dir='ltr'>tem</span> <span class='ocrx_word' id='word_1_23' title='bbox 224 219 284 237; x_wconf 84' lang='lat' dir='ltr'>virum</span> <span class='ocrx_word' id='word_1_24' title='bbox 297 219 396 241; x_wconf 73' lang='lat' dir='ltr'>Nostrique</span> <span class='ocrx_word' id='word_1_25' title='bbox 407 219 599 240; x_wconf 68' lang='lat' dir='ltr'>observantissimum,</span> <span class='ocrx_word' id='word_1_26' title='bbox 611 219 744 241; x_wconf 83' lang='lat' dir='ltr'>aequissimum</span> <span class='ocrx_word' id='word_1_27' title='bbox 757 224 802 237; x_wconf 79' lang='lat' dir='ltr'>sanc</span> <span class='ocrx_word' id='word_1_28' title='bbox 813 219 848 237; x_wconf 82' lang='lat' dir='ltr'>fuit</span> <span class='ocrx_word' id='word_1_29' title='bbox 863 220 927 237; x_wconf 85' lang='lat' dir='ltr'>libera-</span> 
     </span>
     <span class='ocr_line' id='line_1_5' title="bbox 176 250 926 273; baseline 0 -5"><span class='ocrx_word' id='word_1_30' title='bbox 176 251 222 272; x_wconf 80' lang='lat' dir='ltr'>liter,</span> <span class='ocrx_word' id='word_1_31' title='bbox 230 251 251 268; x_wconf 88' lang='lat' dir='ltr'>ut</span> <span class='ocrx_word' id='word_1_32' title='bbox 259 250 315 272; x_wconf 83' lang='lat' dir='ltr'>licuit,</span> <span class='ocrx_word' id='word_1_33' title='bbox 323 252 402 268; x_wconf 72' lang='lat' dir='ltr'>tractare</span> <span class='ocrx_word' id='word_1_34' title='bbox 409 251 428 268; x_wconf 93' lang='lat' dir='ltr'>et</span> <span class='ocrx_word' id='word_1_35' title='bbox 435 250 486 268; x_wconf 88' lang='lat' dir='ltr'>omni</span> <span class='ocrx_word' id='word_1_36' title='bbox 495 250 533 268; x_wconf 88' lang='lat' dir='ltr'>Nos</span> <span class='ocrx_word' id='word_1_37' title='bbox 541 250 627 273; x_wconf 78' lang='lat' dir='ltr'>prosequi</span> <span class='ocrx_word' id='word_1_38' title='bbox 636 250 701 268; x_wconf 87' lang='lat' dir='ltr'>officio.</span> <span class='ocrx_word' id='word_1_39' title='bbox 710 250 756 268; x_wconf 86' lang='lat' dir='ltr'>Cum</span> <span class='ocrx_word' id='word_1_40' title='bbox 765 250 825 273; x_wconf 87' lang='lat' dir='ltr'>ipsius</span> <span class='ocrx_word' id='word_1_41' title='bbox 833 250 851 268; x_wconf 92' lang='lat' dir='ltr'>id</span> <span class='ocrx_word' id='word_1_42' title='bbox 860 256 926 269; x_wconf 82' lang='lat' dir='ltr'>caussa</span> 
     </span>
     <span class='ocr_line' id='line_1_6' title="bbox 175 281 926 304; baseline 0 -5"><span class='ocrx_word' id='word_1_43' title='bbox 175 282 258 303; x_wconf 83' lang='lat' dir='ltr'>fecimus,</span> <span class='ocrx_word' id='word_1_44' title='bbox 269 283 309 300; x_wconf 87' lang='lat' dir='ltr'>tum</span> <span class='ocrx_word' id='word_1_45' title='bbox 325 282 380 300; x_wconf 80' lang='lat' dir='ltr'>etiam</span> <span class='ocrx_word' id='word_1_46' title='bbox 396 281 463 299; x_wconf 80' lang='lat' dir='ltr'>Nostra.</span> <span class='ocrx_word' id='word_1_47' title='bbox 474 287 496 299; x_wconf 80' lang='lat' dir='ltr'>ac</span> <span class='ocrx_word' id='word_1_48' title='bbox 508 283 574 299; x_wconf 81' lang='lat' dir='ltr'>vestra.</span> <span class='ocrx_word' id='word_1_49' title='bbox 587 282 653 303; x_wconf 76' lang='lat' dir='ltr'>Quoad</span> <span class='ocrx_word' id='word_1_50' title='bbox 665 283 727 299; x_wconf 85' lang='lat' dir='ltr'>cetera</span> <span class='ocrx_word' id='word_1_51' title='bbox 737 287 785 304; x_wconf 88' lang='lat' dir='ltr'>quae</span> <span class='ocrx_word' id='word_1_52' title='bbox 797 282 888 300; x_wconf 84' lang='lat' dir='ltr'>nuntiatis</span> <span class='ocrx_word' id='word_1_53' title='bbox 903 282 926 300; x_wconf 89' lang='lat' dir='ltr'>de</span> 
     </span>
     <span class='ocr_line' id='line_1_7' title="bbox 176 306 926 336; baseline 0 -5"><span class='ocrx_word' id='word_1_54' title='bbox 176 313 218 331; x_wconf 81' lang='lat' dir='ltr'>cleri</span> <span class='ocrx_word' id='word_1_55' title='bbox 230 313 331 336; x_wconf 84' lang='lat' dir='ltr'>populique</span> <span class='ocrx_word' id='word_1_56' title='bbox 343 313 398 331; x_wconf 86' lang='lat' dir='ltr'>vestri</span> <span class='ocrx_word' id='word_1_57' title='bbox 411 313 479 336; x_wconf 74' lang='lat' dir='ltr'>pietate</span> <span class='ocrx_word' id='word_1_58' title='bbox 490 318 512 331; x_wconf 72' lang='lat' dir='ltr'>ac</span> <span class='ocrx_word' id='word_1_59' title='bbox 526 313 623 335; x_wconf 74' lang='lat' dir='ltr'>disciplina</span> <span class='ocrx_word' id='word_1_60' title='bbox 638 306 723 336; x_wconf 75' lang='lat' dir='ltr'>quaeque</span> <span class='ocrx_word' id='word_1_61' title='bbox 739 313 777 331; x_wconf 87' lang='lat' dir='ltr'>Nos</span> <span class='ocrx_word' id='word_1_62' title='bbox 793 313 926 331; x_wconf 85' lang='lat' dir='ltr'>iucundissime</span> 
     </span>
     <span class='ocr_line' id='line_1_8' title="bbox 176 344 927 366; baseline 0 -4"><span class='ocrx_word' id='word_1_63' title='bbox 176 344 282 366; x_wconf 78' lang='lat' dir='ltr'>affecerunt,</span> <span class='ocrx_word' id='word_1_64' title='bbox 293 346 376 362; x_wconf 89' lang='lat' dir='ltr'>vestrum</span> <span class='ocrx_word' id='word_1_65' title='bbox 388 344 422 362; x_wconf 87' lang='lat' dir='ltr'>erit</span> <span class='ocrx_word' id='word_1_66' title='bbox 434 344 505 362; x_wconf 88' lang='lat' dir='ltr'>vineam</span> <span class='ocrx_word' id='word_1_67' title='bbox 519 344 593 362; x_wconf 88' lang='lat' dir='ltr'>Domini</span> <span class='ocrx_word' id='word_1_68' title='bbox 604 346 626 362; x_wconf 91' lang='lat' dir='ltr'>ut</span> <span class='ocrx_word' id='word_1_69' title='bbox 638 344 680 362; x_wconf 85' lang='lat' dir='ltr'>boni</span> <span class='ocrx_word' id='word_1_70' title='bbox 693 344 771 366; x_wconf 84' lang='lat' dir='ltr'>operarii</span> <span class='ocrx_word' id='word_1_71' title='bbox 783 346 802 362; x_wconf 82' lang='lat' dir='ltr'>et</span> <span class='ocrx_word' id='word_1_72' title='bbox 813 345 897 362; x_wconf 77' lang='lat' dir='ltr'>excolere</span> <span class='ocrx_word' id='word_1_73' title='bbox 908 346 927 362; x_wconf 85' lang='lat' dir='ltr'>et</span> 
     </span>
     <span class='ocr_line' id='line_1_9' title="bbox 176 375 926 398; baseline 0 -5"><span class='ocrx_word' id='word_1_74' title='bbox 176 375 269 393; x_wconf 81' lang='lat' dir='ltr'>custodire</span> <span class='ocrx_word' id='word_1_75' title='bbox 281 375 312 397; x_wconf 76' lang='lat' dir='ltr'>ita,</span> <span class='ocrx_word' id='word_1_76' title='bbox 325 377 351 396; x_wconf 83' lang='lat' dir='ltr'>ut,</span> <span class='ocrx_word' id='word_1_77' title='bbox 362 376 452 398; x_wconf 79' lang='lat' dir='ltr'>quantum</span> <span class='ocrx_word' id='word_1_78' title='bbox 465 375 483 392; x_wconf 89' lang='lat' dir='ltr'>in</span> <span class='ocrx_word' id='word_1_79' title='bbox 496 375 553 393; x_wconf 85' lang='lat' dir='ltr'>Nobis</span> <span class='ocrx_word' id='word_1_80' title='bbox 565 378 599 396; x_wconf 63' lang='lat' dir='ltr'>est,</span> <span class='ocrx_word' id='word_1_81' title='bbox 611 375 675 393; x_wconf 80' lang='lat' dir='ltr'>reddat</span> <span class='ocrx_word' id='word_1_82' title='bbox 687 376 767 393; x_wconf 78' lang='lat' dir='ltr'>fructum</span> <span class='ocrx_word' id='word_1_83' title='bbox 780 376 893 398; x_wconf 80' lang='lat' dir='ltr'>centuplum.</span> <span class='ocrx_word' id='word_1_84' title='bbox 906 375 926 393; x_wconf 84' lang='lat' dir='ltr'>Id</span> 
     </span>
     <span class='ocr_line' id='line_1_10' title="bbox 175 406 926 429; baseline 0 -5"><span class='ocrx_word' id='word_1_85' title='bbox 175 412 198 424; x_wconf 84' lang='lat' dir='ltr'>ex</span> <span class='ocrx_word' id='word_1_86' title='bbox 210 408 274 429; x_wconf 84' lang='lat' dir='ltr'>optato</span> <span class='ocrx_word' id='word_1_87' title='bbox 290 408 310 424; x_wconf 82' lang='lat' dir='ltr'>ut</span> <span class='ocrx_word' id='word_1_88' title='bbox 324 406 403 427; x_wconf 81' lang='lat' dir='ltr'>eveniat,</span> <span class='ocrx_word' id='word_1_89' title='bbox 415 406 523 424; x_wconf 73' lang='lat' dir='ltr'>caelestium</span> <span class='ocrx_word' id='word_1_90' title='bbox 539 406 682 424; x_wconf 69' lang='lat' dir='ltr'>conciliatricem</span> <span class='ocrx_word' id='word_1_91' title='bbox 697 412 794 424; x_wconf 84' lang='lat' dir='ltr'>munerum</span> <span class='ocrx_word' id='word_1_92' title='bbox 811 407 926 429; x_wconf 78' lang='lat' dir='ltr'>Nostraeque</span> 
     </span>
     <span class='ocr_line' id='line_1_11' title="bbox 176 438 927 460; baseline 0 -5"><span class='ocrx_word' id='word_1_93' title='bbox 176 439 241 456; x_wconf 83' lang='lat' dir='ltr'>testem</span> <span class='ocrx_word' id='word_1_94' title='bbox 254 438 341 459; x_wconf 77' lang='lat' dir='ltr'>caritatis,</span> <span class='ocrx_word' id='word_1_95' title='bbox 350 438 403 455; x_wconf 89' lang='lat' dir='ltr'>vobis</span> <span class='ocrx_word' id='word_1_96' title='bbox 415 438 508 458; x_wconf 86' lang='lat' dir='ltr'>omnibus,</span> <span class='ocrx_word' id='word_1_97' title='bbox 516 438 631 455; x_wconf 79' lang='lat' dir='ltr'>venerabiles</span> <span class='ocrx_word' id='word_1_98' title='bbox 642 438 714 459; x_wconf 75' lang='lat' dir='ltr'>fratres,</span> <span class='ocrx_word' id='word_1_99' title='bbox 722 438 771 455; x_wconf 88' lang='lat' dir='ltr'>clero</span> <span class='ocrx_word' id='word_1_100' title='bbox 780 443 801 455; x_wconf 82' lang='lat' dir='ltr'>ac</span> <span class='ocrx_word' id='word_1_101' title='bbox 809 438 879 460; x_wconf 86' lang='lat' dir='ltr'>populo</span> <span class='ocrx_word' id='word_1_102' title='bbox 887 438 927 455; x_wconf 58' lang='lat' dir='ltr'>uni«</span> 
     </span>
     <span class='ocr_line' id='line_1_12' title="bbox 176 469 927 492; baseline 0 -6"><span class='ocrx_word' id='word_1_103' title='bbox 176 469 242 492; x_wconf 85' lang='lat' dir='ltr'>cuique</span> <span class='ocrx_word' id='word_1_104' title='bbox 248 470 330 487; x_wconf 77' lang='lat' dir='ltr'>vestrum</span> <span class='ocrx_word' id='word_1_105' title='bbox 337 469 410 490; x_wconf 81' lang='lat' dir='ltr'>tradito,</span> <span class='ocrx_word' id='word_1_106' title='bbox 416 469 538 491; x_wconf 83' lang='lat' dir='ltr'>apostolicam</span> <span class='ocrx_word' id='word_1_107' title='bbox 545 469 691 486; x_wconf 75' lang='lat' dir='ltr'>benedictionem</span> <span class='ocrx_word' id='word_1_108' title='bbox 699 470 816 491; x_wconf 74' lang='lat' dir='ltr'>peramanter</span> <span class='ocrx_word' id='word_1_109' title='bbox 821 469 840 486; x_wconf 94' lang='lat' dir='ltr'>in</span> <span class='ocrx_word' id='word_1_110' title='bbox 847 469 927 486; x_wconf 87' lang='lat' dir='ltr'>Domino</span> 
     </span>
     <span class='ocr_line' id='line_1_13' title="bbox 177 500 297 522; baseline 0 -5"><span class='ocrx_word' id='word_1_111' title='bbox 177 500 297 522; x_wconf 76' lang='lat' dir='ltr'>impertimus.</span> 
     </span>
    </p>

    <p class='ocr_par' dir='ltr' id='par_1_3' title="bbox 177 531 928 580">
     <span class='ocr_line' id='line_1_14' title="bbox 222 531 928 553; baseline -0.001 -4"><span class='ocrx_word' id='word_1_112' title='bbox 222 531 288 549; x_wconf 82' lang='lat' dir='ltr'>Datum</span> <span class='ocrx_word' id='word_1_113' title='bbox 301 531 371 549; x_wconf 83' lang='lat' dir='ltr'>Romae</span> <span class='ocrx_word' id='word_1_114' title='bbox 387 531 437 553; x_wconf 82' lang='lat' dir='ltr'>apud</span> <span class='ocrx_word' id='word_1_115' title='bbox 452 533 536 549; x_wconf 79' lang='lat' dir='ltr'>sanctum</span> <span class='ocrx_word' id='word_1_116' title='bbox 549 531 630 552; x_wconf 82' lang='lat' dir='ltr'>Petrum,</span> <span class='ocrx_word' id='word_1_117' title='bbox 641 531 671 549; x_wconf 91' lang='lat' dir='ltr'>die</span> <span class='ocrx_word' id='word_1_118' title='bbox 683 536 720 548; x_wconf 80' lang='lat' dir='ltr'>xxv</span> <span class='ocrx_word' id='word_1_119' title='bbox 732 531 837 549; x_wconf 71' lang='lat' dir='ltr'>novembris</span> <span class='ocrx_word' id='word_1_120' title='bbox 849 536 928 552; x_wconf 71' lang='lat' dir='ltr'>ucuxrx,</span> 
     </span>
     <span class='ocr_line' id='line_1_15' title="bbox 177 562 502 580; baseline 0 0"><span class='ocrx_word' id='word_1_121' title='bbox 177 562 298 580; x_wconf 83' lang='lat' dir='ltr'>Pontificatus</span> <span class='ocrx_word' id='word_1_122' title='bbox 310 562 371 580; x_wconf 76' lang='lat' dir='ltr'>Nostri</span> <span class='ocrx_word' id='word_1_123' title='bbox 383 567 432 580; x_wconf 85' lang='lat' dir='ltr'>anno</span> <span class='ocrx_word' id='word_1_124' title='bbox 444 563 502 580; x_wconf 81' lang='lat' dir='ltr'>sexto.</span> 
     </span>
    </p>
   </div>
   <div class='ocr_carea' id='block_1_3' title="bbox 428 633 672 651">
    <p class='ocr_par' dir='ltr' id='par_1_4' title="bbox 428 633 672 651">
     <span class='ocr_line' id='line_1_16' title="bbox 428 633 672 651; baseline 0 0"><span class='ocrx_word' id='word_1_125' title='bbox 428 633 581 651; x_wconf 80' lang='lat' dir='ltr'>BENEDICTUS</span> <span class='ocrx_word' id='word_1_126' title='bbox 594 633 628 651; x_wconf 83' lang='lat' dir='ltr'>FP.</span> <span class='ocrx_word' id='word_1_127' title='bbox 640 633 672 651; x_wconf 86' lang='lat' dir='ltr'>XV</span> 
     </span>
    </p>
   </div>
   <div class='ocr_carea' id='block_1_4' title="bbox 536 744 567 765">
    <p class='ocr_par' dir='ltr' id='par_1_5' title="bbox 536 744 567 765">
     <span class='ocr_line' id='line_1_17' title="bbox 536 744 567 765; baseline 0 0"><span class='ocrx_word' id='word_1_128' title='bbox 536 744 567 765; x_wconf 95' lang='lat' dir='ltr'>III</span> 
     </span>
    </p>
   </div>
   <div class='ocr_carea' id='block_1_5' title="bbox 176 816 928 892">
    <p class='ocr_par' dir='ltr' id='par_1_6' title="bbox 176 816 928 892">
     <span class='ocr_line' id='line_1_18' title="bbox 176 816 928 834; baseline 0 -5"><span class='ocrx_word' id='word_1_129' title='bbox 176 817 200 829; x_wconf 73' lang='lat' dir='ltr'>Ab</span> <span class='ocrx_word' id='word_1_130' title='bbox 212 817 306 829; x_wconf 61' lang='lat' dir='ltr'>,turonum</span> <span class='ocrx_word' id='word_1_131' title='bbox 318 816 332 829; x_wconf 82' lang='lat' dir='ltr'>S.</span> <span class='ocrx_word' id='word_1_132' title='bbox 341 817 358 829; x_wconf 74' lang='lat' dir='ltr'>E.</span> <span class='ocrx_word' id='word_1_133' title='bbox 367 817 383 829; x_wconf 75' lang='grc' dir='ltr'>Ε.</span> <span class='ocrx_word' id='word_1_134' title='bbox 393 817 446 829; x_wconf 71' lang='lat' dir='ltr'>GARD.</span> <span class='ocrx_word' id='word_1_135' title='bbox 458 816 530 829; x_wconf 68' lang='lat' dir='ltr'>HENDES</span> <span class='ocrx_word' id='word_1_136' title='bbox 542 817 606 833; x_wconf 70' lang='lat' dir='ltr'>BELLO,</span> <span class='ocrx_word' id='word_1_137' title='bbox 618 817 747 829; x_wconf 69' lang='lat' dir='ltr'>PA&#39;rmAncriAu</span> <span class='ocrx_word' id='word_1_138' title='bbox 761 817 928 834; x_wconf 63' lang='lat' dir='ltr'>ULYSS&#39;PONENSEU,</span> 
     </span>
     <span class='ocr_line' id='line_1_19' title="bbox 219 847 924 863; baseline 0 -3"><span class='ocrx_word' id='word_1_139' title='bbox 219 847 338 863; x_wconf 66' lang='lat' dir='ltr'><strong>CMEROSQUE</strong></span> <span class='ocrx_word' id='word_1_140' title='bbox 350 847 505 860; x_wconf 61' lang='lat' dir='ltr'>annulavisnopos</span> <span class='ocrx_word' id='word_1_141' title='bbox 518 848 540 860; x_wconf 75' lang='lat' dir='ltr'>m·</span> <span class='ocrx_word' id='word_1_142' title='bbox 552 847 650 860; x_wconf 62' lang='lat' dir='ltr'>umscoros</span> <span class='ocrx_word' id='word_1_143' title='bbox 662 847 779 860; x_wconf 61' lang='lat' dir='ltr'>Lusmmmss:</span> <span class='ocrx_word' id='word_1_144' title='bbox 793 848 815 860; x_wconf 68' lang='lat' dir='ltr'>bs</span> <span class='ocrx_word' id='word_1_145' title='bbox 828 848 924 860; x_wconf 67' lang='lat' dir='ltr'>summum</span> 
     </span>
     <span class='ocr_line' id='line_1_20' title="bbox 220 872 819 892; baseline 0 -1"><span class='ocrx_word' id='word_1_146' title='bbox 220 872 342 891; x_wconf 56' lang='lat' dir='ltr'>suamcnofin</span> <span class='ocrx_word' id='word_1_147' title='bbox 354 879 376 891; x_wconf 76' lang='lat' dir='ltr'>m·</span> <span class='ocrx_word' id='word_1_148' title='bbox 388 879 499 892; x_wconf 69' lang='lat' dir='ltr'>onnbrmrrm</span> <span class='ocrx_word' id='word_1_149' title='bbox 510 879 565 891; x_wconf 72' lang='lat' dir='ltr'>crvru</span> <span class='ocrx_word' id='word_1_150' title='bbox 579 879 677 892; x_wconf 63' lang='lat' dir='ltr'>Porssrs&#39;rt</span> <span class='ocrx_word' id='word_1_151' title='bbox 689 879 819 892; x_wconf 61' lang='lat' dir='ltr'>coum-lurum.</span> 
     </span>
    </p>
   </div>
   <div class='ocr_carea' id='block_1_6' title="bbox 175 936 927 1395">
    <p class='ocr_par' dir='ltr' id='par_1_7' title="bbox 175 936 927 1395">
     <span class='ocr_line' id='line_1_21' title="bbox 221 936 925 959; baseline 0 -5"><span class='ocrx_word' id='word_1_152' title='bbox 221 937 290 954; x_wconf 87' lang='lat' dir='ltr'>Dilecte</span> <span class='ocrx_word' id='word_1_153' title='bbox 303 936 329 954; x_wconf 84' lang='lat' dir='ltr'>fili</span> <span class='ocrx_word' id='word_1_154' title='bbox 345 936 411 954; x_wconf 81' lang='lat' dir='ltr'>Noster</span> <span class='ocrx_word' id='word_1_155' title='bbox 426 938 444 954; x_wconf 82' lang='lat' dir='ltr'>et</span> <span class='ocrx_word' id='word_1_156' title='bbox 460 937 575 954; x_wconf 81' lang='lat' dir='ltr'>venerabiles</span> <span class='ocrx_word' id='word_1_157' title='bbox 591 937 662 958; x_wconf 63' lang='lat' dir='ltr'>fratres,</span> <span class='ocrx_word' id='word_1_158' title='bbox 677 936 755 954; x_wconf 82' lang='lat' dir='ltr'>salutem</span> <span class='ocrx_word' id='word_1_159' title='bbox 770 938 788 954; x_wconf 89' lang='lat' dir='ltr'>et</span> <span class='ocrx_word' id='word_1_160' title='bbox 803 937 925 959; x_wconf 80' lang='lat' dir='ltr'>apostolicam</span> 
     </span>
     <span class='ocr_line' id='line_1_22' title="bbox 176 967 927 990; baseline 0 -5"><span class='ocrx_word' id='word_1_161' title='bbox 176 968 329 986; x_wconf 83' lang='lat' dir='ltr'>benedictionem.</span> <span class='ocrx_word' id='word_1_162' title='bbox 337 978 359 981; x_wconf 90' lang='lat'>—</span> <span class='ocrx_word' id='word_1_163' title='bbox 368 967 491 985; x_wconf 86' lang='lat' dir='ltr'>Celeberrima</span> <span class='ocrx_word' id='word_1_164' title='bbox 503 968 588 985; x_wconf 86' lang='lat' dir='ltr'>evenisse</span> <span class='ocrx_word' id='word_1_165' title='bbox 596 968 699 989; x_wconf 81' lang='lat' dir='ltr'>sollemnia,</span> <span class='ocrx_word' id='word_1_166' title='bbox 707 973 755 990; x_wconf 86' lang='lat' dir='ltr'>quae</span> <span class='ocrx_word' id='word_1_167' title='bbox 767 973 832 985; x_wconf 84' lang='lat' dir='ltr'>recens</span> <span class='ocrx_word' id='word_1_168' title='bbox 840 968 859 985; x_wconf 92' lang='lat' dir='ltr'>in</span> <span class='ocrx_word' id='word_1_169' title='bbox 868 968 927 985; x_wconf 87' lang='lat' dir='ltr'>hono-</span> 
     </span>
     <span class='ocr_line' id='line_1_23' title="bbox 176 999 926 1021; baseline 0 -5"><span class='ocrx_word' id='word_1_170' title='bbox 176 1005 214 1017; x_wconf 86' lang='lat' dir='ltr'>rem</span> <span class='ocrx_word' id='word_1_171' title='bbox 230 999 278 1017; x_wconf 78' lang='lat' dir='ltr'>beati</span> <span class='ocrx_word' id='word_1_172' title='bbox 295 999 349 1017; x_wconf 91' lang='lat' dir='ltr'>Nonii</span> <span class='ocrx_word' id='word_1_173' title='bbox 362 999 438 1016; x_wconf 74' lang='lat' dir='ltr'>Alvares</span> <span class='ocrx_word' id='word_1_174' title='bbox 450 999 562 1021; x_wconf 83' lang='lat' dir='ltr'>Ulyssipone</span> <span class='ocrx_word' id='word_1_175' title='bbox 577 1000 619 1016; x_wconf 80' lang='lat' dir='ltr'>acta</span> <span class='ocrx_word' id='word_1_176' title='bbox 636 1000 680 1017; x_wconf 87' lang='lat' dir='ltr'>sunt</span> <span class='ocrx_word' id='word_1_177' title='bbox 697 999 804 1021; x_wconf 80' lang='lat' dir='ltr'>eisdemque</span> <span class='ocrx_word' id='word_1_178' title='bbox 820 999 926 1021; x_wconf 75' lang='lat' dir='ltr'>complures</span> 
     </span>
     <span class='ocr_line' id='line_1_24' title="bbox 175 1030 925 1052; baseline -0.001 -4"><span class='ocrx_word' id='word_1_179' title='bbox 175 1032 256 1051; x_wconf 86' lang='lat' dir='ltr'>vestrum</span> <span class='ocrx_word' id='word_1_180' title='bbox 265 1030 377 1051; x_wconf 82' lang='lat' dir='ltr'>interfuisse,</span> <span class='ocrx_word' id='word_1_181' title='bbox 385 1030 470 1052; x_wconf 81' lang='lat' dir='ltr'>equidem</span> <span class='ocrx_word' id='word_1_182' title='bbox 479 1030 577 1048; x_wconf 74' lang='lat' dir='ltr'>didicimus</span> <span class='ocrx_word' id='word_1_183' title='bbox 586 1030 702 1052; x_wconf 83' lang='lat' dir='ltr'>perlibenter.</span> <span class='ocrx_word' id='word_1_184' title='bbox 711 1030 738 1047; x_wconf 91' lang='lat' dir='ltr'>Ita</span> <span class='ocrx_word' id='word_1_185' title='bbox 747 1030 802 1051; x_wconf 85' lang='lat' dir='ltr'>enim,</span> <span class='ocrx_word' id='word_1_186' title='bbox 810 1030 925 1052; x_wconf 78' lang='lat' dir='ltr'>praeclaram</span> 
     </span>
     <span class='ocr_line' id='line_1_25' title="bbox 176 1061 926 1083; baseline 0 -4"><span class='ocrx_word' id='word_1_187' title='bbox 176 1062 225 1080; x_wconf 87' lang='lat' dir='ltr'>nacti</span> <span class='ocrx_word' id='word_1_188' title='bbox 234 1062 355 1083; x_wconf 81' lang='lat' dir='ltr'>occasionem,</span> <span class='ocrx_word' id='word_1_189' title='bbox 363 1067 401 1079; x_wconf 88' lang='lat' dir='ltr'>non</span> <span class='ocrx_word' id='word_1_190' title='bbox 410 1061 465 1079; x_wconf 84' lang='lat' dir='ltr'>modo</span> <span class='ocrx_word' id='word_1_191' title='bbox 474 1061 551 1079; x_wconf 81' lang='lat' dir='ltr'>consilia</span> <span class='ocrx_word' id='word_1_192' title='bbox 559 1062 581 1079; x_wconf 83' lang='lat' dir='ltr'>de</span> <span class='ocrx_word' id='word_1_193' title='bbox 590 1063 640 1079; x_wconf 83' lang='lat' dir='ltr'>statu</span> <span class='ocrx_word' id='word_1_194' title='bbox 649 1067 710 1079; x_wconf 88' lang='lat' dir='ltr'>rerum</span> <span class='ocrx_word' id='word_1_195' title='bbox 719 1062 766 1079; x_wconf 88' lang='lat' dir='ltr'>inter</span> <span class='ocrx_word' id='word_1_196' title='bbox 774 1066 807 1079; x_wconf 89' lang='lat' dir='ltr'>vos</span> <span class='ocrx_word' id='word_1_197' title='bbox 815 1061 926 1083; x_wconf 76' lang='lat' dir='ltr'>contulistis,</span> 
     </span>
     <span class='ocr_line' id='line_1_26' title="bbox 176 1092 926 1115; baseline 0 -5"><span class='ocrx_word' id='word_1_198' title='bbox 176 1093 223 1111; x_wconf 90' lang='lat' dir='ltr'>utin</span> <span class='ocrx_word' id='word_1_199' title='bbox 236 1093 264 1114; x_wconf 83' lang='lat' dir='ltr'>iis,</span> <span class='ocrx_word' id='word_1_200' title='bbox 272 1098 319 1115; x_wconf 83' lang='lat' dir='ltr'>quae</span> <span class='ocrx_word' id='word_1_201' title='bbox 332 1093 355 1110; x_wconf 90' lang='lat' dir='ltr'>ad</span> <span class='ocrx_word' id='word_1_202' title='bbox 367 1092 473 1115; x_wconf 81' lang='lat' dir='ltr'>religionem</span> <span class='ocrx_word' id='word_1_203' title='bbox 485 1093 615 1115; x_wconf 74' lang='lat' dir='ltr'>civitatemque</span> <span class='ocrx_word' id='word_1_204' title='bbox 627 1092 726 1115; x_wconf 83' lang='lat' dir='ltr'>pertinent,</span> <span class='ocrx_word' id='word_1_205' title='bbox 733 1098 849 1110; x_wconf 90' lang='lat' dir='ltr'>communem</span> <span class='ocrx_word' id='word_1_206' title='bbox 859 1093 926 1115; x_wconf 75' lang='lat' dir='ltr'>agendi</span> 
     </span>
     <span class='ocr_line' id='line_1_27' title="bbox 175 1124 925 1143; baseline 0 -1"><span class='ocrx_word' id='word_1_207' title='bbox 175 1129 260 1142; x_wconf 77' lang='lat' dir='ltr'>normam</span> <span class='ocrx_word' id='word_1_208' title='bbox 276 1124 362 1142; x_wconf 83' lang='lat' dir='ltr'>fidelibus</span> <span class='ocrx_word' id='word_1_209' title='bbox 378 1124 443 1142; x_wconf 81' lang='lat' dir='ltr'>vestris</span> <span class='ocrx_word' id='word_1_210' title='bbox 459 1124 571 1143; x_wconf 82' lang='lat' dir='ltr'>indicaretis.</span> <span class='ocrx_word' id='word_1_211' title='bbox 586 1124 618 1141; x_wconf 83' lang='lat' dir='ltr'>sed</span> <span class='ocrx_word' id='word_1_212' title='bbox 637 1124 691 1142; x_wconf 84' lang='lat' dir='ltr'>etiarn</span> <span class='ocrx_word' id='word_1_213' title='bbox 710 1124 820 1142; x_wconf 81' lang='lat' dir='ltr'>sententiam</span> <span class='ocrx_word' id='word_1_214' title='bbox 839 1124 925 1142; x_wconf 75' lang='lat' dir='ltr'>Nostrar-</span> 
     </span>
     <span class='ocr_line' id='line_1_28' title="bbox 175 1155 925 1178; baseline 0 -5"><span class='ocrx_word' id='word_1_215' title='bbox 175 1156 194 1173; x_wconf 89' lang='lat' dir='ltr'>in</span> <span class='ocrx_word' id='word_1_216' title='bbox 202 1156 237 1173; x_wconf 84' lang='lat' dir='ltr'>hac</span> <span class='ocrx_word' id='word_1_217' title='bbox 249 1160 306 1173; x_wconf 83' lang='lat' dir='ltr'>causa</span> <span class='ocrx_word' id='word_1_218' title='bbox 317 1155 427 1178; x_wconf 79' lang='lat' dir='ltr'>gravissima</span> <span class='ocrx_word' id='word_1_219' title='bbox 439 1155 463 1172; x_wconf 83' lang='lat' dir='ltr'>ab</span> <span class='ocrx_word' id='word_1_220' title='bbox 471 1155 577 1177; x_wconf 84' lang='lat' dir='ltr'>Apostolico</span> <span class='ocrx_word' id='word_1_221' title='bbox 587 1155 656 1173; x_wconf 89' lang='lat' dir='ltr'>Nuntio</span> <span class='ocrx_word' id='word_1_222' title='bbox 668 1155 786 1178; x_wconf 75' lang='lat' dir='ltr'>cognovistis.</span> <span class='ocrx_word' id='word_1_223' title='bbox 794 1155 925 1174; x_wconf 78' lang='lat' dir='ltr'>Verumtamen</span> 
     </span>
     <span class='ocr_line' id='line_1_29' title="bbox 175 1186 925 1209; baseline 0 -5"><span class='ocrx_word' id='word_1_224' title='bbox 175 1192 212 1209; x_wconf 84' lang='lat' dir='ltr'>qua</span> <span class='ocrx_word' id='word_1_225' title='bbox 220 1191 286 1204; x_wconf 86' lang='lat' dir='ltr'>sumus</span> <span class='ocrx_word' id='word_1_226' title='bbox 297 1191 340 1209; x_wconf 77' lang='lat' dir='ltr'>erga</span> <span class='ocrx_word' id='word_1_227' title='bbox 352 1186 486 1204; x_wconf 75' lang='lat' dir='ltr'>nobilissimam</span> <span class='ocrx_word' id='word_1_228' title='bbox 495 1186 626 1204; x_wconf 77' lang='lat' dir='ltr'>Lusitanorum</span> <span class='ocrx_word' id='word_1_229' title='bbox 635 1188 708 1209; x_wconf 78' lang='lat' dir='ltr'>gentem</span> <span class='ocrx_word' id='word_1_230' title='bbox 721 1192 813 1208; x_wconf 79' lang='lat' dir='ltr'>propensa</span> <span class='ocrx_word' id='word_1_231' title='bbox 825 1187 925 1207; x_wconf 82' lang='lat' dir='ltr'>volontate,</span> 
     </span>
     <span class='ocr_line' id='line_1_30' title="bbox 175 1217 926 1240; baseline 0.001 -6"><span class='ocrx_word' id='word_1_232' title='bbox 175 1217 303 1239; x_wconf 85' lang='lat' dir='ltr'>vosmetipsos,</span> <span class='ocrx_word' id='word_1_233' title='bbox 315 1217 430 1235; x_wconf 85' lang='lat' dir='ltr'>venerabiles</span> <span class='ocrx_word' id='word_1_234' title='bbox 445 1217 516 1238; x_wconf 81' lang='lat' dir='ltr'>fratres,</span> <span class='ocrx_word' id='word_1_235' title='bbox 531 1218 607 1239; x_wconf 81' lang='lat' dir='ltr'>peteme</span> <span class='ocrx_word' id='word_1_236' title='bbox 623 1217 693 1239; x_wconf 85' lang='lat' dir='ltr'>alloqui</span> <span class='ocrx_word' id='word_1_237' title='bbox 709 1217 800 1235; x_wconf 76' lang='lat' dir='ltr'>volumus.</span> <span class='ocrx_word' id='word_1_238' title='bbox 817 1217 837 1235; x_wconf 88' lang='lat' dir='ltr'>In</span> <span class='ocrx_word' id='word_1_239' title='bbox 854 1217 926 1240; x_wconf 62' lang='lat' dir='ltr'>primis&gt;</span> 
     </span>
     <span class='ocr_line' id='line_1_31' title="bbox 175 1248 924 1271; baseline 0 -5"><span class='ocrx_word' id='word_1_240' title='bbox 175 1254 211 1271; x_wconf 89' lang='lat' dir='ltr'>que</span> <span class='ocrx_word' id='word_1_241' title='bbox 223 1253 274 1271; x_wconf 84' lang='lat' dir='ltr'>spem</span> <span class='ocrx_word' id='word_1_242' title='bbox 287 1248 355 1266; x_wconf 79' lang='lat' dir='ltr'>bonam</span> <span class='ocrx_word' id='word_1_243' title='bbox 368 1248 457 1269; x_wconf 83' lang='lat' dir='ltr'>fovemus,</span> <span class='ocrx_word' id='word_1_244' title='bbox 470 1248 507 1266; x_wconf 84' lang='lat' dir='ltr'>fore</span> <span class='ocrx_word' id='word_1_245' title='bbox 521 1249 541 1266; x_wconf 84' lang='lat' dir='ltr'>ut</span> <span class='ocrx_word' id='word_1_246' title='bbox 553 1253 624 1269; x_wconf 80' lang='lat' dir='ltr'>ornnes,</span> <span class='ocrx_word' id='word_1_247' title='bbox 632 1248 660 1266; x_wconf 88' lang='lat' dir='ltr'>vel</span> <span class='ocrx_word' id='word_1_248' title='bbox 673 1248 733 1266; x_wconf 86' lang='lat' dir='ltr'>clerici</span> <span class='ocrx_word' id='word_1_249' title='bbox 745 1249 774 1266; x_wconf 93' lang='lat' dir='ltr'>vel</span> <span class='ocrx_word' id='word_1_250' title='bbox 786 1248 833 1269; x_wconf 79' lang='lat' dir='ltr'>laici,</span> <span class='ocrx_word' id='word_1_251' title='bbox 845 1254 924 1271; x_wconf 79' lang='lat' dir='ltr'>quorum</span> 
     </span>
     <span class='ocr_line' id='line_1_32' title="bbox 175 1279 925 1302; baseline 0 -5"><span class='ocrx_word' id='word_1_252' title='bbox 175 1280 250 1302; x_wconf 88' lang='lat' dir='ltr'>quidem</span> <span class='ocrx_word' id='word_1_253' title='bbox 263 1279 354 1297; x_wconf 83' lang='lat' dir='ltr'>sincerum</span> <span class='ocrx_word' id='word_1_254' title='bbox 368 1279 438 1301; x_wconf 80' lang='lat' dir='ltr'>patriae</span> <span class='ocrx_word' id='word_1_255' title='bbox 450 1279 532 1297; x_wconf 73' lang='lat' dir='ltr'>studium</span> <span class='ocrx_word' id='word_1_256' title='bbox 545 1281 573 1297; x_wconf 85' lang='lat' dir='ltr'>est</span> <span class='ocrx_word' id='word_1_257' title='bbox 584 1279 760 1301; x_wconf 75' lang='lat' dir='ltr'>exploratissimum,</span> <span class='ocrx_word' id='word_1_258' title='bbox 768 1279 786 1297; x_wconf 86' lang='lat' dir='ltr'>in</span> <span class='ocrx_word' id='word_1_259' title='bbox 800 1285 844 1301; x_wconf 85' lang='lat' dir='ltr'>pace</span> <span class='ocrx_word' id='word_1_260' title='bbox 852 1285 925 1297; x_wconf 87' lang='lat' dir='ltr'>concor-</span> 
     </span>
     <span class='ocr_line' id='line_1_33' title="bbox 175 1310 926 1333; baseline 0 -5"><span class='ocrx_word' id='word_1_261' title='bbox 175 1311 242 1333; x_wconf 83' lang='lat' dir='ltr'>diaque</span> <span class='ocrx_word' id='word_1_262' title='bbox 255 1310 321 1328; x_wconf 86' lang='lat' dir='ltr'>civium</span> <span class='ocrx_word' id='word_1_263' title='bbox 334 1310 476 1333; x_wconf 79' lang='lat' dir='ltr'>redintegranda</span> <span class='ocrx_word' id='word_1_264' title='bbox 488 1310 555 1328; x_wconf 83' lang='lat' dir='ltr'>cedant</span> <span class='ocrx_word' id='word_1_265' title='bbox 566 1310 639 1328; x_wconf 75' lang='lat' dir='ltr'>nemini.</span> <span class='ocrx_word' id='word_1_266' title='bbox 652 1310 731 1332; x_wconf 67' lang='lat' dir='ltr'>Etenim,</span> <span class='ocrx_word' id='word_1_267' title='bbox 743 1310 830 1333; x_wconf 87' lang='lat' dir='ltr'>quoniam</span> <span class='ocrx_word' id='word_1_268' title='bbox 844 1311 926 1329; x_wconf 79' lang='lat' dir='ltr'>Ecclesia</span> 
     </span>
     <span class='ocr_line' id='line_1_34' title="bbox 176 1341 925 1365; baseline -0.001 -5"><span class='ocrx_word' id='word_1_269' title='bbox 176 1347 235 1365; x_wconf 88' lang='lat' dir='ltr'>neque</span> <span class='ocrx_word' id='word_1_270' title='bbox 247 1342 359 1359; x_wconf 80' lang='lat' dir='ltr'>factionibus</span> <span class='ocrx_word' id='word_1_271' title='bbox 371 1341 452 1359; x_wconf 83' lang='lat' dir='ltr'>obnoxia</span> <span class='ocrx_word' id='word_1_272' title='bbox 463 1347 510 1362; x_wconf 83' lang='lat' dir='ltr'>esse,</span> <span class='ocrx_word' id='word_1_273' title='bbox 522 1342 549 1359; x_wconf 87' lang='lat' dir='ltr'>uti</span> <span class='ocrx_word' id='word_1_274' title='bbox 562 1343 617 1364; x_wconf 66' lang='lat' dir='ltr'>patet,</span> <span class='ocrx_word' id='word_1_275' title='bbox 628 1347 688 1364; x_wconf 82' lang='lat' dir='ltr'>neque</span> <span class='ocrx_word' id='word_1_276' title='bbox 700 1342 780 1364; x_wconf 84' lang='lat' dir='ltr'>politicis</span> <span class='ocrx_word' id='word_1_277' title='bbox 792 1342 876 1364; x_wconf 79' lang='lat' dir='ltr'>partibus</span> <span class='ocrx_word' id='word_1_278' title='bbox 888 1347 925 1359; x_wconf 85' lang='lat' dir='ltr'>ser-</span> 
     </span>
     <span class='ocr_line' id='line_1_35' title="bbox 175 1372 926 1395; baseline 0 -5"><span class='ocrx_word' id='word_1_279' title='bbox 175 1373 213 1391; x_wconf 88' lang='lat' dir='ltr'>vire</span> <span class='ocrx_word' id='word_1_280' title='bbox 225 1373 285 1394; x_wconf 84' lang='lat' dir='ltr'>debet,</span> <span class='ocrx_word' id='word_1_281' title='bbox 293 1373 361 1391; x_wconf 82' lang='lat' dir='ltr'>idcirco</span> <span class='ocrx_word' id='word_1_282' title='bbox 374 1373 432 1395; x_wconf 89' lang='lat' dir='ltr'>ipsius</span> <span class='ocrx_word' id='word_1_283' title='bbox 444 1374 472 1390; x_wconf 87' lang='lat' dir='ltr'>est</span> <span class='ocrx_word' id='word_1_284' title='bbox 480 1373 544 1390; x_wconf 84' lang='lat' dir='ltr'>fideles</span> <span class='ocrx_word' id='word_1_285' title='bbox 556 1373 625 1390; x_wconf 83' lang='lat' dir='ltr'>hortari</span> <span class='ocrx_word' id='word_1_286' title='bbox 638 1374 658 1390; x_wconf 86' lang='lat' dir='ltr'>ut</span> <span class='ocrx_word' id='word_1_287' title='bbox 670 1372 692 1390; x_wconf 86' lang='lat' dir='ltr'>iis</span> <span class='ocrx_word' id='word_1_288' title='bbox 701 1374 778 1394; x_wconf 83' lang='lat' dir='ltr'>pareant</span> <span class='ocrx_word' id='word_1_289' title='bbox 790 1373 821 1395; x_wconf 91' lang='lat' dir='ltr'>qui</span> <span class='ocrx_word' id='word_1_290' title='bbox 831 1375 926 1395; x_wconf 68' lang='lat' dir='ltr'>praesunt,</span> 
     </span>
    </p>
   </div>
  </div>
 </body>
</html>
