1023 1579
348 123 364 136 s.
374 122 473 139 (mummi-⁴.»
483 123 545 136 comm
808 121 827 136 15

77 173 94 189 et
105 172 212 194 generatim,
220 172 281 194 prouti
293 172 312 189 in
324 172 411 194 praefatis
419 172 497 190 decretis
508 172 619 193 continetur,
628 179 637 188 ι
646 172 800 194 praescriptiones
808 173 826 189 et

78 203 143 225 «leges
156 205 222 221 natura
233 208 268 221 sua
279 203 401 225 temporarias
412 208 434 221 ac
446 203 563 221 transitorias
571 210 580 219 »
593 203 622 221 vel
635 208 683 225 quae
696 210 705 218 ‹
714 203 737 220 ad
751 203 826 220 circum-

78 241 86 249 «
94 234 173 252 stantius
186 234 268 252 locorum
282 236 300 252 et
313 236 417 257 temporum
433 234 503 252 babent
518 234 609 252 rationem
619 242 627 250 »
644 239 701 256 quum
717 242 726 250 ι
734 234 826 257 generalis

78 273 86 281 ι
94 266 140 288 legis
151 266 242 284 rationem
253 271 291 284 non
303 266 383 284 induant
391 273 406 287 ιι,
418 268 488 284 certum
500 268 528 284 est
540 271 572 284 eas
585 271 622 284 non
634 266 699 284 cadere
708 266 743 284 sub
751 266 826 288 abroga-

77 297 126 315 tione
139 302 180 315 can.
188 297 204 318 6,
212 302 262 315 num.
270 297 287 319 6,
295 297 413 319 praescripta.

121 329 144 346 At
156 333 199 346 vero
211 328 230 346 in
242 333 287 347 casu
299 329 321 346 de
334 334 371 351 quo
383 329 449 351 agitur,
461 329 480 346 id
493 330 522 346 est
534 329 596 351 quoad
609 334 678 346 morem
692 334 729 350 non
742 329 826 351 gestandi

76 360 157 380 barbam,
165 359 287 377 animadverti
299 361 367 382 potest:
381 360 447 381 Primo,
460 365 497 377 non
510 360 540 382 agi
552 360 570 377 in
584 365 629 377 casu
641 360 663 377 de
675 361 760 382 veraleue
772 360 826 377 eccle-

76 391 150 408 siastica
157 391 237 413 generali
247 391 363 413 prohibitiva.
372 391 457 409 Canones
465 391 497 414 qui
505 391 530 409 ad
537 396 575 409 rem
588 391 640 409 cita-ri
648 391 714 412 solent,
723 396 738 408 v.
745 396 761 414 gl
770 396 809 413 cap.
816 391 826 408 7

75 422 96 439 de
106 423 146 439 m'ta
156 423 172 439 οι
183 422 249 440 honest.
262 422 376 443 curium-um,
385 422 416 444 ΙΙΙ,
424 422 441 443 9,
449 427 472 440 ex
483 422 579 440 communi
592 422 689 440 doctorum
701 422 793 440 sententia
801 422 827 440 ita

75 453 191 475 accipiuntur
200 455 220 470 ut
231 454 349 471 solummodo
358 453 468 475 prohibeant
476 453 552 471 barbam
562 451 632 471 nutrire
641 458 692 471 more
704 453 825 471 saecularium

76 484 159 502 studiose
175 485 306 507 compositam3
320 485 409 507 epistolae
423 485 477 502 etiam
495 484 533 502 RR.
546 485 581 502 ΡΡ.
594 485 617 506 (ν.
630 490 646 507 g.
663 484 745 507 Gregorii
757 484 790 502 VII
803 485 825 501 ad

75 515 241 538 Arcbiepiscopum
253 515 388 537 Calaritanum;
400 517 442 533 acta
453 521 504 534 conc.
513 515 598 533 Lateran.
607 521 623 533 a.
633 516 677 533 1514·
684 516 719 533 sub
731 516 791 533 Leone
803 515 826 538 X)

75 547 206 564 tantummodo
221 548 313 564 testantur
330 547 429 569 pristinum
448 552 518 564 morem
539 548 558 564 et
578 547 714 565 institutionem
731 547 827 565 Romanae

75 577 175 599 Ecclesiae,
183 583 239 603 quem>
248 583 259 596 a
267 578 364 596 contrariis
373 578 463 596 abusibus
471 578 578 596 defendunt.
588 578 657 596 Nullibi
666 580 728 596 autem
737 578 828 601 reperitur

76 615 119 627 vera
131 610 151 627 et
161 609 252 631 generalis
264 609 292 627 lex
305 615 374 627 morem
386 609 471 632 gestandi
482 610 557 627 barbam
571 609 640 632 ubique
653 611 671 627 et
682 609 750 627 futuris
757 611 827 632 tempo-

76 641 126 658 ribus
143 642 232 663 perpetuo
249 641 368 662 interdicens;
384 641 429 659 haec
441 646 485 659 vero
497 641 601 659 deficientia
618 641 692 658 nonnisi
710 641 826 663 prudentiam

76 672 194 689 commendat
208 672 325 694 Legislatoris
337 672 461 693 ecclesiastici,
473 677 529 694 quam
543 672 617 690 laudem
631 677 665 690 nec
678 671 751 690 noviter
762 672 826 689 datum

76 703 164 721 Codicem
177 703 265 721 demereri
277 703 379 725 oportebat.
392 703 439 721 Fieri
450 703 518 721 etenim
530 703 597 725 poterit
608 703 709 725 aliquando
721 704 742 721 ut
753 708 765 721 a
776 708 827 721 more

76 734 174 752 barbirasii
191 735 312 752 recedendum
329 736 405 752 sortasse
421 735 450 755 sit,
462 736 517 756 prout
529 735 557 752 vel
572 736 614 757 post
628 734 755 752 Tridentium
771 734 828 756 Syno-

74 766 125 787 dum,
137 771 199 788 usque
211 766 234 783 ad
246 766 314 784 exitum
329 771 377 784 saec.
390 771 432 787 xvir,
444 771 536 784 recessum
554 766 612 784 fuisse
624 771 689 784 omncs
703 768 780 784 norunt:
793 771 827 784 nec

75 802 188 820 quemquam
201 797 263 820 fugere
278 799 338 819 polest
350 802 405 819 quam
422 797 559 815 incommodum
575 797 604 818 sit,
616 797 723 815 solemniter
735 797 796 815 datam
809 799 827 815 et

75 828 169 846 firmatam
181 828 200 846 in
213 828 279 846 Codice
291 829 356 851 legem,
367 829 462 851 abrogare.

119 860 214 879 Secundo,
220 861 238 877 et
246 861 384 882 consequenter:
395 865 434 877 mos
442 860 477 877 iste
484 860 560 877 barbam
570 860 653 881 radendi,
659 860 721 882 prouti
729 860 827 878 historicae

75 892 115 909 eius
123 891 262 909 vicissitudines
270 892 376 912 ostendunt,
385 891 458 909 nonnisi
465 892 594 909 consuetudine
603 892 685 914 probatis
695 897 759 914 nempe
770 892 827 914 regio-

75 928 119 940 num
136 922 226 944 moribus,
238 923 350 945 quandoque
363 923 401 940 iure
417 923 523 945 particulari
539 923 623 944 firmatis,
635 923 747 940 universalis
762 923 827 944 evasit,

74 955 141 972 saltem
154 954 216 976 quoad
229 954 310 971 locorum
319 954 477 972 circumstantias:
488 954 616 976 quamobrem,
624 955 717 977 quatenus
729 954 747 972 in
760 954 827 972 Codice

76 985 130 1008 recipi
140 987 213 1008 poterat
221 985 276 1008 (idest
286 986 373 1007 implicite
382 987 401 1003 et
408 985 531 1008 hypothetice,
540 990 577 1003 non
586 985 680 1007 absolute)
689 986 735 1003 satis
743 987 827 1008 receptus

76 1016 149 1034 videtur
156 1016 190 1034 ubi
198 1016 266 1037 Codex,
274 1022 312 1034 non
320 1016 429 1034 absimiliter
436 1022 448 1034 a
456 1016 533 1034 Concilii
540 1016 645 1034 Tridentini
653 1016 749 1034 sanctione
758 1017 804 1039 (cap.
811 1017 827 1038 6,

75 1053 119 1066 sess.
129 1048 173 1066 XIV
180 1049 202 1065 de
208 1048 249 1070 rof.)
257 1055 266 1064 ιι
273 1048 368 1066 decentem
381 1048 464 1066 habitum
473 1048 624 1070 ecclesiasticum,
631 1049 730 1066 secundum
739 1049 828 1070 leodimus

76 1086 84 1095 ἰ
94 1080 175 1097 umorum
186 1080 323 1097 consuetudine-³
333 1081 350 1097 ot
363 1080 459 1097 ordinarii
476 1080 509 1097 100⁸*
520 1080 635 1101 praescripta
643 1086 652 1095 »
665 1079 742 1097 clericos
757 1079 827 1097 deferre

76 1111 135 1132 iussit,
144 1111 203 1128 immo
215 1110 320 1128 universam
333 1111 381 1128 hanc
394 1111 488 1128 materiam
500 1111 523 1128 de
535 1112 612 1128 externo
621 1111 703 1133 corporis
711 1111 768 1132 cultu,
776 1111 828 1128 salva

75 1142 150 1164 quidem
170 1142 274 1159 necessaria
289 1142 360 1159 unitate
376 1142 483 1164 disciplinae
499 1143 518 1160 et
533 1142 671 1163 conformitate,
687 1142 710 1160 ad
726 1142 827 1164 praefatam

77 1178 162 1191 normam
174 1173 314 1191 consuetudinis
327 1173 445 1196 redigendam
457 1173 516 1191 voluit
531 1174 553 1196 (c.
567 1173 604 1194 136,
616 1173 627 1196 5
639 1174 660 1196 1).
674 1173 765 1194 Cetemm,
776 1173 829 1191 abso-

78 1210 120 1222 num
130 1210 209 1227 prorsus
216 1204 287 1222 censeri
295 1204 350 1222 debet
357 1210 421 1222 eorum
429 1206 554 1222 commentum
563 1205 595 1227 qui
605 1205 671 1222 volunt
678 1205 697 1222 in
706 1205 747 1227 ipso
755 1210 805 1223 num.
812 1205 828 1226 6,

78 1241 116 1253 can.
124 1236 141 1257 6,
153 1236 253 1258 abrogatas
265 1241 305 1253 esse
316 1236 453 1253 comuetudinee
464 1236 560 1259 generales
573 1236 596 1254 de
608 1236 676 1258 quibus
685 1236 748 1254 Codex
760 1236 829 1259 simpli-

78 1267 121 1285 citer
128 1267 190 1288 sileat,
198 1267 251 1290 quasi
260 1267 361 1290 Legislator
369 1267 466 1290 benignius
475 1268 532 1290 egerit
540 1273 583 1290 erga
592 1268 737 1286 consuetudines
744 1268 828 1290 vigentes

78 1300 139 1316 contro
150 1304 233 1316 canones
245 1299 283 1321 (cfr.
292 1304 331 1316 can.
340 1299 356 1319 5.
364 1298 404 1317 coll.
413 1304 455 1317 cum
468 1304 507 1317 can.
516 1299 551 1321 30),
563 1304 619 1322 quam
632 1304 676 1322 erga
684 1299 828 1317 consuetudines

79 1330 178 1347 mundum
189 1331 222 1347 aut
231 1331 304 1352 praeter
317 1330 381 1352 legem.

121 1361 194 1378 Tertio:
210 1361 356 1383 praescindendo
372 1366 384 1378 a
398 1361 479 1384 generali
497 1362 612 1383 praescripto
625 1362 676 1384 legis,
692 1362 769 1380 dubium
787 1367 828 1379 esse

81 1392 142 1414 nequit
149 1392 196 1414 quin
204 1392 223 1409 in
231 1397 276 1410 casu
288 1392 404 1414 particularis
413 1392 442 1410 lex
450 1392 469 1410 in
479 1392 520 1410 loco
529 1393 593 1415 vigens
602 1392 739 1415 prohibensque
751 1393 825 1410 barbam
