1023 1579
181 112 199 126 ss!
350 113 387 126 Acte·
398 112 493 129 Apostolicne
502 112 545 125 Sedis
554 120 559 122 -
569 112 693 126 Cvmmenlnrinm
703 112 767 129 Officiale

183 163 227 180 Pius
239 163 290 185 Papa
302 162 391 183 decimus,
403 162 538 180 Praedeceesor
550 162 622 183 Noster,
634 162 670 179 iam
682 162 707 179 ab
715 167 765 179 anno
777 162 875 180 millesimo
887 168 933 180 non>

181 194 284 216 gentesimo
295 193 375 215 septimo
388 199 455 211 munus
464 193 605 216 Congregationi
614 200 623 209 ‹
633 193 695 215 Opera
702 193 776 211 divinae
786 194 913 212 Providentiae
922 201 931 210 »

182 225 247 243 detulit
259 224 335 242 curandi
349 226 369 242 ut
381 224 406 242 ibi
418 230 467 242 nova
479 225 579 247 erigeretur
592 224 684 246 parochia.

226 256 268 277 Sed,
276 256 301 274 ob
313 256 430 274 difficultates
442 256 461 273 in
474 255 591 278 pactionibus
599 256 622 277 ⁴10
632 256 673 274 solo
681 256 811 278 eommrando,
819 256 851 274 ubi
863 262 931 274 novum

181 288 270 310 ternplum
283 289 414 308 exstrueretur.
422 287 540 308 dirimendas,
550 292 587 304 non
597 289 639 305 ante
648 292 718 305 aunum
727 287 844 305 millesimum
853 293 933 310 nongem

181 319 268 337 tesimum
276 319 367 337 decimum
380 319 479 341 septimum
488 318 577 340 ternplum
591 318 652 340 ipsum
664 318 757 336 aedificari
768 319 829 341 coepit
840 320 858 337 et
866 319 931 337 eodem

181 356 236 370 anno,
248 350 278 368 die
290 350 337 368 festo
353 351 459 368 sanctorum
477 350 525 367 Petri
538 351 556 367 et
569 350 627 371 Pauli,
639 351 698 372 prima
714 350 835 368 fundamenta
848 350 931 368 eiusdem

181 382 250 404 templi,
263 381 336 399 Sanctis
348 381 435 399 omnibus
447 381 551 402 dedicandi,
563 381 670 399 substructa
682 382 731 399 sunt.

228 413 279 430 Nunc
296 418 345 434 vero,
357 418 399 430 cum
415 412 458 430 novi
474 412 537 434 templi
554 417 597 434 pars
613 412 649 430 iam
665 413 689 430 sit
705 413 791 435 perfecta,
803 418 824 430 ac
840 413 907 431 ibidem
921 419 932 431 a

182 444 241 466 primu
254 444 310 462 huius
326 444 396 461 mensis
408 444 438 461 die
449 448 502 461 sacra
517 443 579 466 peragi
591 445 657 465 coepta
672 443 715 466 sint,
727 449 782 461 curae
796 444 900 462 animarum
913 444 932 461 in

183 476 214 493 illa
229 475 309 497 regione,
321 475 373 492 nulla
388 474 497 496 interposita
515 479 572 495 mora,
584 474 678 492 definitive
696 475 791 497 providere
806 476 932 497 opportunum

182 507 242 524 visum
255 507 288 524 est.

227 538 265 555 Nos
272 538 332 560 igitur.
338 537 425 555 omnihus
434 539 506 555 mature
513 537 614 559 perpensis,
621 537 734 559 praedictam
740 537 837 555 ecclesiam
844 538 931 555 Omnium

183 570 299 590 Sanctorum,
306 570 356 586 extra
367 568 441 586 Portam
450 568 509 586 sancti
517 568 599 589 Ioannis,
605 568 714 586 auctoritate
724 569 791 586 Nostra
799 569 816 586 in
825 569 931 591 parochiam

182 601 274 623 erigimus,
284 601 401 622 erectamque
413 605 445 622 per
457 601 564 621 praesentes
575 599 646 617 litteras
658 600 779 618 declaramus.
791 605 832 617 cum
846 600 933 618 omnihus

182 631 254 649 iuribus
266 633 284 648 et
296 630 396 653 privilegiis
407 631 430 648 ad
443 630 602 652 parochialitatem
613 631 754 653 pertinentibus.

227 662 303 680 Noviter
310 662 337 679 sic
345 663 417 680 erectae
429 662 528 684 parochiae
538 662 657 680 attribuimus
665 662 713 680 circa
725 662 805 684 positum
814 663 932 684 territorium,

182 695 232 717 quud
241 695 338 716 propterea
346 699 356 711 e
364 693 452 715 parochia
460 693 593 711 Sani-osannae
602 693 732 711 lateranensis
740 693 838 715 Ecclesiae,
846 694 932 716 suppleto

182 725 265 743 eiusdem
274 724 404 742 Lateranensis
412 724 505 742 Ecclesiae
514 724 593 746 Capituli
602 729 701 746 consensu,
708 724 826 746 Apostolicae
834 725 932 747 potestatis

183 756 303 778 plenitudine,
315 761 347 778 per
359 755 433 773 easdem
446 756 552 777 praesentes
561 755 631 772 litteras
643 755 803 773 dismembramus.

227 787 291 805 Eidem
300 792 359 804 novae
372 786 470 809 parochiae
478 792 579 809 congruam
587 786 676 809 pecuniae
684 786 722 804 vim
731 787 868 809 constituimus,
876 789 932 810 atque

183 824 237 836 usum
250 819 322 839 domus,
329 823 377 840 quae
389 817 493 840 praedictae
506 818 594 835 ecclesiae
603 818 679 839 adiacet,
688 818 706 835 in
720 818 795 840 parochi
803 824 836 840 pro
849 820 932 841 tempore

183 850 315 868 habitationem
327 849 450 872 assignamus.

227 881 255 899 Ad
263 881 309 898 haec
320 880 383 898 omnia
395 882 413 898 et
421 880 458 898 alia
466 885 513 902 quae
522 881 626 898 necessaria
634 882 694 902 erunt,
702 881 826 903 exsequenda,
834 881 853 899 iu
862 881 933 904 primis,

182 918 231 934 vero,
248 912 272 930 ad
290 917 348 930 novae
368 911 466 934 parochiae
483 911 530 929 fines
548 912 663 933 statuendos,
679 912 790 934 deputamus
807 913 932 930 venerabilem

182 945 256 961 fratrem
274 943 360 960 Nostrum
378 942 473 963 Basilium,
488 942 596 965 episcopum
610 943 730 963 Veliternum,
744 943 762 960 S.
778 943 799 960 R.
814 943 834 961 E,
848 943 932 961 cardina-

182 975 218 993 lem
234 974 319 997 Pompilj,
334 974 422 991 Nostrum
438 973 457 991 in
473 973 522 991 Urbe
538 974 641 996 generalem
658 974 677 991 in
691 974 820 996 spiritualibus
833 974 932 996 Vicarinm,

181 1006 241 1024 eidem
257 1005 360 1023 tribuentes
376 1004 490 1022 necessarias
502 1006 520 1022 et
532 1006 647 1026 opportunas
659 1005 756 1023 facultates
771 1005 795 1023 ad
807 1006 892 1023 effectum
909 1006 932 1024 de

182 1043 220 1060 quo
232 1037 297 1060 agitur.

229 1068 336 1086 Praesentes
347 1069 409 1085 autem
422 1067 493 1084 litteras
505 1068 524 1085 et
535 1067 554 1084 in
566 1067 593 1085 eis
603 1069 691 1085 contenta
698 1073 834 1091 quaecumque,
841 1069 896 1086 etiam
909 1074 932 1086 ex

182 1105 204 1118 eo
213 1099 263 1122 quod
274 1098 358 1121 quilibet,
366 1103 445 1120 quorum
458 1098 534 1116 interest
546 1098 575 1115 vel
587 1103 622 1116 sua
633 1099 722 1116 interesse
734 1101 860 1121 praesumant,
868 1101 901 1117 aut
912 1100 931 1117 in

182 1131 294 1153 praemissis,
302 1135 335 1148 seu
344 1135 408 1147 eorum
420 1129 488 1152 aliquo,
497 1129 532 1151 ius,
540 1130 626 1152 quamvis
638 1135 660 1147 ex
668 1130 782 1151 fundatione,
791 1131 819 1148 vel
831 1131 931 1152 dotatione,

181 1163 209 1180 vel
221 1162 284 1184 aliquo
300 1161 367 1183 quovis
383 1160 442 1181 titulo,
456 1160 543 1182 habeant,
555 1161 584 1178 vel
599 1161 667 1178 habere
683 1163 809 1183 praesumant,
822 1162 882 1179 auditi
893 1167 931 1180 non

181 1193 249 1211 fuerint
260 1198 282 1210 ac
294 1191 402 1215 praemissis
414 1191 479 1209 iisdem
491 1197 529 1209 non
541 1192 675 1213 consenseriut,
687 1192 742 1210 etiam
754 1192 770 1210 si
785 1198 878 1215 expressa,
890 1198 932 1215 spe-

181 1225 233 1243 cifica
245 1226 263 1242 et
274 1223 371 1241 individua
383 1223 476 1240 mentione
486 1222 537 1245 digni
549 1223 593 1244 sint,
601 1223 652 1241 nullo
664 1228 753 1246 umquam
766 1225 848 1246 tempore
857 1224 880 1242 de
888 1224 932 1242 sub*

181 1255 276 1278 reptionis,
289 1254 317 1272 vel
331 1253 452 1276 obreptionis.
464 1255 496 1271 aut
512 1253 602 1271 uullitatis
616 1254 666 1275 vitio,
678 1259 711 1272 seu
723 1254 832 1272 intentionis
848 1255 932 1276 Nostrae,

180 1287 210 1305 vel
217 1286 301 1309 quolibet
312 1285 354 1307 alio,
363 1285 405 1302 licet
416 1284 535 1302 substantiali
545 1286 563 1302 et
571 1285 701 1307 inexcogitato,
709 1286 788 1307 defectu,
795 1286 862 1307 notari,
874 1286 932 1309 impu-

180 1318 238 1341 gnari,
245 1317 275 1335 vel
283 1317 302 1335 in
311 1315 455 1334 controversiam
464 1315 525 1334 vocari
537 1321 598 1338 posse,
606 1316 639 1334 sed
647 1322 685 1338 eas,
693 1319 788 1339 tamquam
797 1319 847 1335 certa
855 1318 933 1336 scientie

179 1351 198 1367 et
210 1348 307 1371 potestatis
320 1347 435 1370 plenitudiue
446 1347 512 1368 editae,
525 1349 613 1369 perpetuo
625 1347 697 1365 validas
709 1353 750 1366 esse
762 1350 781 1366 et
793 1349 837 1370 sore,
850 1354 932 1371 suosque

180 1380 273 1403 plenarios
284 1380 303 1397 et
315 1379 396 1401 integros
408 1378 485 1396 effectus
497 1378 559 1396 sortiri
571 1380 590 1396 et
603 1378 692 1400 obtinere,
704 1380 759 1401 atque
772 1379 795 1397 iis
807 1380 894 1397 omnibus
908 1380 933 1398 ad
