1023 1579
202 121 229 135 150
367 123 405 137 Acen
414 123 510 141 Apamiam
519 121 562 137 Sedis
571 131 577 134 -
586 123 711 138 Conmentariis„
720 123 784 141 Officialo

396 261 542 282 almam:
557 246 762 283 APOSTOLICAE'

571 332 581 353 I

199 389 329 403 sarwruamuu
341 390 383 403 Luc:
392 392 401 401 ι
410 390 485 403 ΙΙΠΙΑΠΒ
493 392 502 401 »
512 390 530 403 11(
543 390 654 403 nussum
665 390 733 403 'tirone
745 390 767 403 AG
780 390 891 403 varnuons
904 391 951 404 nas}-

243 421 296 433 mean
309 421 384 434 inuoms
396 421 524 434 nonm'u'run.

452 474 603 492 BENEDICTUS
617 475 651 492 PP.
663 474 695 492 XV

244 515 272 532 Ad
288 516 395 537 perpetuam
408 515 433 532 rei
446 515 558 532 memoriam.
571 525 593 528 —
605 515 654 532 Inter
670 515 747 537 potiora,
759 515 827 537 quibus
844 515 952 533 Palaestina

199 546 311 567 nobilitatur,
318 546 429 568 sanctuaria,
435 546 475 564 iure
481 546 583 569 meritoque
592 546 729 564 accensendum
735 548 763 564 est
771 546 817 564 illud
825 547 876 569 apud
882 547 952 564 Castel-

198 577 236 595 lum
247 577 335 595 Emmaus
343 578 456 595 exstructum
470 577 489 595 in
497 577 553 595 domo
561 577 620 595 saneti
628 577 726 599 Cleophae.
734 577 821 595 nimirum
833 578 852 595 in
862 578 904 595 {oco
912 578 951 599 ubi,

198 610 240 630 post
248 608 293 626 Eius
301 608 407 630 passionem
415 610 433 626 et
441 610 524 629 mortem,
533 608 618 626 Christus
626 608 700 626 duobus
708 608 803 631 discipulis
811 609 952 627 ambulantibus

198 639 217 657 in
229 640 259 657 via
271 641 290 657 et
301 640 323 658 de
335 645 356 657 se
368 640 487 662 loquentibus
498 640 590 662 apparuit,
601 645 658 662 seque
674 640 745 658 socium
760 640 869 662 adiungens,
882 640 951 658 Sacrae

198 671 221 688 iis
233 671 338 693 Seripturae
349 671 421 693 aperuit
434 671 525 692 mysteria,
533 672 551 688 et
563 672 633 693 postea,
641 671 722 693 hospitio
734 672 819 693 receptus
831 673 849 689 et
860 671 951 689 inclinato

198 702 222 719 ad
233 707 329 724 vesperam
341 702 371 720 die
383 707 459 720 mensae
471 702 586 723 incumbens,
597 702 616 719 in
628 702 682 724 panis
697 702 786 720 fractione
797 708 838 720 sese
850 702 886 720 iilis
899 704 951 725 patae·

198 733 245 754 fecit,
257 735 347 751 renovato
359 734 385 751 ita
397 733 465 751 SSzbae
477 733 604 751 Eucharistiae
617 733 708 755 mysterio.
717 733 738 751 In
751 733 847 751 ecelesiam
860 739 951 751 conversa

198 765 270 786 domus,
286 766 390 787 temporum
408 765 543 787 hominumque
558 765 625 782 iniuria
643 765 736 786 fatiscens,
751 770 811 787 nuper
825 770 837 782 a
853 765 951 783 Fratribus

198 796 301 814 Minoribus
316 796 424 818 instaurata,
439 802 487 814 novo
501 796 552 814 cultu
567 796 643 814 renidet.
658 796 760 814 Continens
777 796 865 814 eeclesiae
884 802 952 814 coeno-

199 827 249 845 bium
261 829 322 845 exstat
337 829 355 846 et
371 827 471 850 hospitium
484 827 585 850 peregrinis
599 827 717 850 excipiendis,
729 828 761 850 qui
774 828 891 850 potissimum
903 828 951 845 feria

198 859 279 876 secunda
291 860 333 881 post
344 859 416 876 Pascha
427 860 446 877 et
457 859 487 876 die
498 859 587 876 vicesimo
598 859 663 881 quinto
677 859 746 876 mensis
760 859 871 881 septembris
882 860 952 877 turma-

198 890 231 908 tim
242 890 266 907 ad
277 890 403 908 sanctuarium
416 890 517 908 confluunt.
526 890 605 908 Romani
616 895 691 912 quoque
704 890 802 908 Pontifices
814 890 876 907 Nostri
885 890 952 908 Deces-

198 926 250 939 sores
261 921 386 944 singularibus
401 921 500 944 privilegiis
516 923 573 944 atque
588 921 708 944 indulgentiis
724 921 769 939 illud
784 922 882 939 auxerunt.
895 921 950 939 Nune

199 954 261 970 autem
272 958 315 971 cum
327 953 405 970 dilectus
417 953 465 970 filius
478 953 606 971 Ferdinandus
622 953 719 970 Diotallevi
733 958 756 970 ex
769 952 838 970 Ordine
850 952 951 974 minorum,

198 983 301 1001 hodiernus
315 984 383 1002 Custos
394 984 462 1002 Terrae
474 984 553 1002 Sanctae
565 984 584 1001 in
596 984 707 1005 Palaestina,
719 984 757 1001 Nos
773 984 888 1006 supplicibus
900 984 950 1001 votis

198 1015 307 1037 deprecatus
319 1015 348 1036 sit,
356 1017 377 1033 ut
388 1015 507 1033 enunciatum
520 1015 651 1036 sanctuarium,
659 1015 721 1037 prouti
729 1015 851 1033 cohonestat-a
858 1015 895 1032 iam
904 1016 950 1032 sunt

197 1046 235 1063 alia
246 1046 352 1064 sanctuaria
363 1046 463 1068 praecipua
470 1046 537 1064 Terrae
546 1046 631 1067 Sanctae,
639 1046 663 1063 ad
670 1046 744 1064 titulum
754 1047 772 1063 et
780 1046 888 1068 dignitatem
898 1046 950 1064 Basi-

198 1077 243 1095 iioae
259 1077 334 1095 Minoris
350 1077 426 1095 evehere
442 1077 545 1100 dignemur,
559 1077 629 1099 hasque
645 1082 708 1100 preces
726 1077 807 1095 cumulet
822 1078 879 1099 ata-{ue
894 1078 949 1095 ornet

197 1109 333 1131 amplissimum
341 1109 506 1126 commendationis
514 1108 594 1126 officium
602 1109 663 1127 dilecti
672 1109 705 1126 filii
715 1109 775 1126 Nostri
784 1108 863 1131 Philippi
873 1109 891 1126 S.
899 1109 921 1127 R.
928 1109 949 1127 Ε,

197 1140 296 1158 cardinalis
308 1140 394 1161 Giustini,
406 1140 481 1158 Ordinis
495 1141 578 1158 Fratrum
596 1140 687 1158 Minorum
700 1140 816 1161 Protectoris,
829 1140 867 1158 Nos
879 1140 948 1163 optatis

198 1171 227 1189 his
235 1171 354 1189 annuendum
366 1172 415 1189 ultro
427 1171 541 1194 libenterque
549 1171 701 1189 existimavimus.
710 1171 777 1193 Quare,
785 1171 858 1189 collatis
865 1172 948 1189 consiliis

197 1208 238 1220 eum
251 1203 351 1220 venerabili
363 1203 419 1221 fratre
431 1204 495 1220 nostro
508 1203 526 1220 S.
535 1203 556 1221 R.
565 1203 585 1221 Ε,
593 1203 681 1221 cardinali
689 1203 740 1224 Vico,
748 1203 839 1225 Episcopo
849 1203 948 1221 Portuensi

198 1235 216 1251 et
233 1235 308 1251 sanctae
323 1234 408 1255 Rufinae,
424 1234 452 1251 Ss.
468 1234 545 1252 Rituum
561 1234 702 1256 Congregationi
720 1234 820 1255 Praefecto,
836 1234 947 1252 auctoritate

198 1265 265 1282 Nostra
276 1265 384 1287 apostolica,
392 1265 516 1287 praesentium
529 1265 552 1286 vi,
560 1265 686 1283 sanctuarium
699 1265 749 1288 apud
760 1265 855 1286 Emmaus,
863 1266 915 1288 quud
923 1266 946 1283 ob

197 1296 304 1314 memoriam
317 1296 464 1314 Resurrectionis
476 1299 495 1314 et
506 1296 634 1318 mysteriorum
646 1296 687 1314 Filii
700 1296 733 1314 Dei
742 1296 871 1318 Redemptoris
879 1302 947 1319 magna

197 1328 302 1345 celebritate
314 1328 376 1350 pallet,
388 1328 442 1345 titulo
457 1333 478 1346 ac
492 1328 581 1350 dignitate
596 1328 687 1346 Basilicae
704 1328 779 1345 Minoris
794 1328 947 1349 coudecnramus,

196 1359 283 1377 omnibus
298 1361 317 1377 et
332 1359 410 1382 singulis
425 1359 571 1377 honorificentiis
589 1361 608 1377 et
623 1359 724 1382 privilegiis
741 1359 768 1377 ini
783 1359 884 1381 attributis,
898 1365 945 1382 quae

197 1390 299 1408 Minoribus
311 1391 370 1408 altnae
382 1390 438 1408 huius
449 1390 505 1408 Urbis
518 1390 602 1408 Basilieis
614 1391 637 1408 de
649 1390 688 1408 iure
700 1392 811 1412 competunt.
822 1390 947 1408 Decernentes
